@Preamble{ " \newcommand{\noop}[1]{} " }
@STRING{IHP="Ann. Inst. H. Poincar{\'e} Probab. Statist."}
@STRING{AAP="Ann. Appl. Probab."}
@STRING{AoP="Ann. Probab."}
@STRING{AoS="Ann. Statist."}
@STRING{CMP="Comm. Math. Phys."}
@STRING{CPAM="Comm. Pure Appl. Math."}
@STRING{ESAIMPS="ESAIM Probab. Statist."}
@STRING{IEEE-IT="IEEE Trans. Inform. Theory"}
@STRING{JAP="J. Appl. Probab."}
@STRING{JFA="J. Funct. Anal."}
@STRING{JTP="J. Theoret. Probab."}
@STRING{PJM="Pacific J. Math."}
@STRING{PTRF="Probab. Theory Related Fields"}
@STRING{RMP="Rev. Math. Phys."}
@STRING{SISP="Stat. Inference Stoch. Process."}
@STRING{SPA="Stochastic Process. Appl."}
@STRING{SPL="Statist. Probab. Lett."}
@STRING{TPA="Theory Probab. Appl."}
@STRING{TAMS="Trans. Amer. Math. Soc."}

@article{bauschke1997legendre,
  title={Legendre functions and the method of random Bregman projections},
  author={Bauschke, H. H. and Borwein, J. M.},
  journal={J. Convex Anal.},
  volume={4},
  number={1},
  pages={27--67},
  year={1997}
}
@book {neveu1965bases,
    AUTHOR = {Neveu, J.},
     TITLE = {Bases math\'ematiques du calcul des probabilit\'es},
 PUBLISHER = {Masson et Cie, \'Editeurs, Paris},
      YEAR = {1964},
     PAGES = {xiii+203},
   MRCLASS = {60.00},
  MRNUMBER = {0198504},
MRREVIEWER = {S. Orey},
}

@article{blanchet2018family,
  title={A family of functional inequalities: {\L}ojasiewicz inequalities and displacement convex functions},
  author={Blanchet, Adrien and Bolte, J{\'e}r{\^o}me},
  journal={Journal of Functional Analysis},
  volume={275},
  number={7},
  pages={1650--1673},
  year={2018},
  publisher={Elsevier}
}






@book{molchanov2006theory,
    AUTHOR = {Molchanov, I.},
     TITLE = {Theory of random sets},
    SERIES = {Probability and its Applications (New York)},
 PUBLISHER = {Springer-Verlag London, Ltd., London},
      YEAR = {2005},
     PAGES = {xvi+488},
      ISBN = {978-185223-892-3; 1-85233-892-X},
   MRCLASS = {60-02 (28B20 52A22 60D05 60G70 90C15 91B70)},
  MRNUMBER = {2132405},
MRREVIEWER = {V. K. Ohanyan},
}

@article{santambrogio2017euclidean,
  title={$\{$Euclidean, metric, and Wasserstein$\}$ gradient flows: an overview},
  author={Santambrogio, Filippo},
  journal={Bulletin of Mathematical Sciences},
  volume={7},
  number={1},
  pages={87--154},
  year={2017},
  publisher={Springer}
}

@inproceedings{chierchiaapproche,
  title={Approche de {D}ouglas-{R}achford al{\'e}atoire par blocs appliqu{\'e}e {\`a} la r{\'e}gression logistique parcimonieuse},
  author={Chierchia, G. and Cherni, A. and Chouzenoux, E. and Pesquet, J.-C.},
  booktitle={GRETSI},
  pages={1--4},
  year={2017}
}


@article{bottou2016optimization,
  title={Optimization methods for large-scale machine learning},
  author={Bottou, L. and Curtis, F. E and Nocedal, J.},
  journal={SIAM Review},
  volume={60},
  number={2},
  pages={223--311},
  year={2018},
  publisher={SIAM}
}

@inproceedings{chizat2018global,
  title={On the global convergence of gradient descent for over-parameterized models using optimal transport},
  author={Chizat, Lenaic and Bach, Francis},
  booktitle={Advances in neural information processing systems},
  pages={3036--3046},
  year={2018}
}


@inproceedings{taghvaei2018accelerated,
  title={Accelerated gradient flow for probability distributions},
  author={Taghvaei, Amirhossein and Mehta, Prashant G},
  year={2019},
  booktitle={International Conference on Machine Learning}
}


@inproceedings{bottou2008tradeoffs,
  title={The tradeoffs of large scale learning},
  author={Bottou, L. and Bousquet, O.},
  booktitle={NIPS},
  pages={161--168},
  year={2008}
}


@article{johnson2013dynamic,
  title={A dynamic programming algorithm for the fused lasso and $\ell^0$-segmentation},
  author={Johnson, N. A},
  journal={J. Comput. Graph. Stat.},
  volume={22},
  number={2},
  pages={246--260},
  year={2013},
  publisher={Taylor \& Francis Group}
}

@article{mammen1997locally,
  title={Locally adaptive regression splines},
  author={Mammen, E. and Van de Geer, S.},
  journal={Ann. Stat.},
  volume={25},
  number={1},
  pages={387--413},
  year={1997},
  publisher={Institute of Mathematical Statistics}
}

@article{davies2001local,
  title={Local extremes, runs, strings and multiresolution},
  author={Davies, P. L. and Kovac, A.},
  journal={Ann. Stat.},
  pages={1--48},
  year={2001},
  publisher={JSTOR}
}

@article{holland1983stochastic,
  title={Stochastic blockmodels: First steps},
  author={Holland, P.~W. and Laskey, K.~B. and Leinhardt, S.},
  journal={Soc. Networks},
  volume={5},
  number={2},
  pages={109--137},
  year={1983},
}

@inproceedings{moulines2011non,
  title={Non-asymptotic analysis of stochastic approximation algorithms for machine learning},
  author={Moulines, E. and Bach, F. },
  booktitle={NIPS},
  pages={451--459},
  year={2011}
}

@article{vishnoi2012laplacian,
  title={Laplacian solvers and their algorithmic applications},
  author={Vishnoi, N. K},
  journal={Theor. Comput. Sci.},
  volume={8},
  number={1-2},
  pages={1--141},
  year={2012}
}


@article{novak2018reproducing,
  title={Reproducing kernels of Sobolev spaces on ‚Ñù d and applications to embedding constants and tractability},
  author={Novak, Erich and Ullrich, Mario and Wo{\'z}niakowski, Henryk and Zhang, Shun},
  journal={Analysis and Applications},
  volume={16},
  number={05},
  pages={693--715},
  year={2018},
  publisher={World Scientific}
}


@article{gorbunov2019unified,
  title={A Unified Theory of SGD: Variance Reduction, Sampling, Quantization and Coordinate Descent},
  author={Gorbunov, Eduard and Hanzely, Filip and Richt{\'a}rik, Peter},
  journal={arXiv preprint arXiv:1905.11261},
  year={2019}
}


@article{mishchenko2019stochastic,
  title={A Stochastic Decoupling Method for Minimizing the Sum of Smooth and Non-Smooth Functions},
  author={Mishchenko, Konstantin and Richt{\'a}rik, Peter},
  journal={arXiv preprint arXiv:1905.11535},
  year={2019}
}




@article{l-bfgs-b(95), 
    AUTHOR = {Byrd, R. H. and Lu, P. and Nocedal, J. and Zhu, C. Y.},
     TITLE = {A limited memory algorithm for bound constrained optimization},
   JOURNAL = {SIAM J. Sci. Comput.},
  FJOURNAL = {SIAM Journal on Scientific Computing},
    VOLUME = {16},
      YEAR = {1995},
    NUMBER = {5},
     PAGES = {1190--1208},
      ISSN = {1064-8275},
     CODEN = {SJOCE3},
   MRCLASS = {90C30 (65K05)},
  MRNUMBER = {1346301},
MRREVIEWER = {Henry Wolkowicz},
       }





@article{shi2013online,
  title={Online and stochastic {D}ouglas-{R}achford splitting method for large scale machine learning},
  author={Shi, Z. and Liu, R.},
  journal={arXiv preprint arXiv:1308.4757},
  year={2013}
}

@inproceedings{el2016asymptotic,
  title={Asymptotic behavior of $ \ell_p $-based {L}aplacian regularization in semi-supervised learning},
  author={El Alaoui, A. and Cheng, X. and Ramdas, A. and Wainwright, M. J and Jordan, M. I},
  booktitle={COLT},
  pages={879--906},
  year={2016}
}

@INPROCEEDINGS{zhu2003semi,
    author = {Zhu, X. and Ghahramani, Z. and Lafferty, J.},
    title = {Semi-Supervised Learning Using Gaussian Fields and Harmonic Functions},
    booktitle = {ICML},
    year = {2003},
    pages = {912--919},
    publisher = {}
}

@inproceedings{hallac2015network,
  title={Network lasso: Clustering and optimization in large graphs},
  author={Hallac, D. and Leskovec, J. and Boyd, S.},
  booktitle={SIGKDD},
  pages={387--396},
  year={2015},
  organization={}
}

@article{chambolle2010introduction,
  title={An introduction to total variation for image analysis},
  author={Chambolle, A. and Caselles, V. and Cremers, D. and Novaga, M. and Pock, T.},
  journal={Theoretical foundations and numerical methods for sparse recovery},
  volume={9},
  number={},
  pages={263-340},
  year={2010},
  publisher={Walter de Gruyter}
}

@article{hinterberger2003tube,
  title={Tube methods for BV regularization},
  author={Hinterberger, W. and Hinterm{\"u}ller, M. and Kunisch, K. and Von Oehsen, M. and Scherzer, O.},
  journal={Journal of Mathematical Imaging and Vision},
  volume={19},
  number={3},
  pages={219--235},
  year={2003},
  publisher={Springer}
}

@article{harchaoui2012multiple,
  title={Multiple change-point estimation with a total variation penalty},
  author={Harchaoui, Z. and L{\'e}vy-Leduc, C.},
  journal={Journal of the American Statistical Association},
  year={2012},
  publisher={Taylor \& Francis}
}

@article{tibshirani2014adaptive,
  title={Adaptive piecewise polynomial estimation via trend filtering},
  author={Tibshirani, R. J.},
  journal={Ann. Stat.},
  volume={42},
  number={1},
  pages={285--323},
  year={2014},
  publisher={Institute of Mathematical Statistics}
}

@article{wang2014trend,
  title={Trend filtering on graphs},
  author={Wang, Y.-X. and Sharpnack, J. and Smola, A. and Tibshirani, R. J},
  journal={J. Mach. Learn. Res.},
  volume={17},
  number={105},
  pages={1--41},
  year={2016}
}

@article{padilla2016dfs,
  title={The DFS fused lasso: Linear-time denoising over general graphs},
  author={Padilla, O. H. M. and Sharpnack, J. and Scott, J. G},
  journal={J. Mach. Learn. Res.},
  volume={18},
  number={1},
  pages={6410--6445},
  year={2017},
  publisher={JMLR. org}
}

@inproceedings{hutter2016optimal,
  title={Optimal rates for total variation denoising},
  author={H{\"u}tter, J.-C. and Rigollet, P.},
  booktitle={COLT},
  pages={1115--1146},
  year={2016}
}

@InProceedings{landrieu2016cut,
  title = 	 {Cut Pursuit: Fast Algorithms to Learn Piecewise Constant Functions},
  author = 	 {Landrieu, L. and Obozinski, G.},
  booktitle = 	 {AISTATS},
  pages = 	 {1384--1393},
  year = 	 {2016},
}

@article{tansey2015fast,
  title={A Fast and Flexible Algorithm for the Graph-Fused Lasso},
  author={Tansey, W. and Scott, J. G},
  journal={arXiv preprint arXiv:1505.06475},
  year={2015}
}

@article{barberoTV14,
  title={Modular proximal optimization for multidimensional total-variation regularization},
  author={Barbero, A. and Sra, S.},
  journal={arXiv preprint arXiv:1411.0589},
  year={2014}
}

@article{ben2015robust,
  title={Robust distributed consensus using total variation},
  author={Ben-Ameur, W. and Bianchi, P. and Jakubowicz, J.},
  journal={IEEE Trans. Automat. Contr.},
  volume={61},
  number={6},
  pages={1550--1564},
  year={2016},
  publisher={IEEE}
}

@inproceedings{chen2014signal,
  title={Signal inpainting on graphs via total variation minimization},
  author={Chen, S. and Sandryhaila, A. and Lederman, G. and Wang, Z. and Moura, J. MF and Rizzo, P. and Bielak, J. and Garrett, J. H and Kova{\v{c}}evi{\'c}, J.},
  booktitle={ICASSP},
  pages={8267--8271},
  year={2014},
  organization={}
}


@INPROCEEDINGS{salim2018dr, 
author={A. Salim and P. Bianchi and W. Hachem}, 
booktitle={ICASSP}, 
title={A Constant Step Stochastic Douglas-Rachford Algorithm with Application to non Separable Regularizations}, 
year={2018}, 
volume={}, 
number={}, 
pages={2886-2890}, 
}

@INPROCEEDINGS{bianchi2016building, 
author={P. Bianchi and W. Hachem and A. Salim}, 
booktitle={EUCCO}, 
title={Building Stochastic Optimization Algorithms with Random Monotone Operators}, 
year={2016}, 
volume={}, 
number={}, 
pages={}, 
}

@inproceedings{salim2016stochastic,
  title={A stochastic proximal point algorithm for total variation regularization over large scale graphs},
  author={Salim, A. and Bianchi, P. and Hachem, W. and Jakubowicz, J.},
  booktitle={CDC},
  pages={4490--4495},
  year={2016},
  organization={}
}

@inproceedings{bianchi2017convergence,
  title={Convergence d‚Äôun algorithme du gradient proximal stochastique √† pas constant et g√©n√©ralisation aux op√©rateurs monotones al√©atoires},
  author={P. Bianchi and W. Hachem and A. Salim},
  booktitle={GRETSI},
  pages={},
  year={2017},
  organization={}
}


@inproceedings{salim2018splitting,
  title={A Splitting Algorithm for Minimization under Stochastic Linear Constraints},
  author={A. Salim and P. Bianchi and W. Hachem},
  booktitle={ISMP},
  pages={},
  year={2018},
  organization={}

}

@inproceedings{salim2017snake,
  title={Snake: a Stochastic Proximal Gradient Algorithm for Regularized Problems over Large Graphs},
  author={A. Salim and P. Bianchi and W. Hachem},
  booktitle={CAp},
  pages={},
  year={2017},
  organization={}
}


@article{condat2013direct,
  title={A direct algorithm for 1{D} total variation denoising},
  author={Condat, L.},
  journal={IEEE Signal Process. Lett.},
  volume={20},
  number={11},
  pages={1054--1057},
  year={2013}
}


@book{graham1997spectral,
  title={Spectral graph theory},
  author={Chung, F. RK},
  volume={92},
  year={1997},
  publisher={American Mathematical Soc.}
}


@inproceedings{spielman2010algorithms,
  title={Algorithms, graph theory, and linear equations in Laplacian matrices},
  author={Spielman, D. A},
  booktitle={Proc. ICM},
  volume={4},
  pages={2698--2722},
  year={2010}
}

@inproceedings{bottou2010large,
  title={Large-scale machine learning with stochastic gradient descent},
  author={Bottou, L.},
  booktitle={COMPSTAT'2010},
  pages={177--186},
  year={2010},
  publisher={}
}

@article{combettes2009iterative,
  title={Iterative construction of the resolvent of a sum of maximal monotone operators},
  author={Combettes, P. L.},
  journal={J. Convex Anal.},
  volume={16},
  number={4},
  pages={727--748},
  year={2009}
}

@inproceedings{jegelka2013reflection,
  title={Reflection methods for user-friendly submodular optimization},
  author={Jegelka, S. and Bach, F. and Sra, S.},
  booktitle={NIPS},
  pages={1313--1321},
  year={2013}
}

@article{spielman2014nearly,
  title={Nearly linear time algorithms for preconditioning and solving symmetric, diagonally dominant linear systems},
  author={Spielman, D. A and Teng, S.-H.},
  journal={SIAM J. Matrix Anal. Appl.},
  volume={35},
  number={3},
  pages={835--885},
  year={2014},
  publisher={SIAM}
}










@article{chambolle2017stochastic,
  title={Stochastic Primal-Dual Hybrid Gradient Algorithm with Arbitrary Sampling and Imaging Application},
  author={Chambolle, A. and Ehrhardt, M. J and Richt{\'a}rik, P. and Sch{\"o}nlieb, C.-B.},
  journal={arXiv preprint arXiv:1706.04957},
  year={2017}
}


@inproceedings{yuan2011efficient,
  title={Efficient methods for overlapping group lasso},
  author={Yuan, L. and Liu, J. and Ye, J.},
  booktitle={NIPS},
  pages={352--360},
  year={2011}
}


@inproceedings{mourya2017adaptive,
  title={An adaptive distributed asynchronous algorithm with application to target localization},
  author={Mourya, R. and Bianchi, P. and Salim, A. and Richard, C.},
  booktitle={CAMSAP 2017},
  pages={1--5},
  year={2017},
  organization={IEEE}
}


@TechReport{salimSDR2017,
  author = 	 {Salim, A. and Bianchi, P. and Hachem, W.},
  title = 	 {A Stochastic {D}ouglas-{R}achford Algorithm with Constant Step Size},
  year = 	 {2017},
  institution =  {see https://adil-salim.github.io/Research},
  
  OPTkey = 	 {},
  OPTtype = 	 {},
  OPTnumber = 	 {},
  OPTmonth = 	 {},
  OPTnote = 	 {},
  OPTannote = 	 {}
}

@inproceedings{combettes2016stochastic,
  title={Stochastic forward-backward and primal-dual approximation algorithms with application to online image restoration},
  author={Combettes, P. L. and Pesquet, J.-C.},
  booktitle={EUSIPCO},
  pages={1813--1817},
  year={2016},
 }
 
 
 
 


@article{rosasco2015stochastic,
  title={Stochastic Inertial primal-dual algorithms},
  author={Rosasco, L. and Villa, S. and V{\~u}, B. C.},
  journal={arXiv preprint arXiv:1507.00852},
  year={2015}
}


@article{eckstein1992douglas,
  title={On the {D}ouglas‚Äî{R}achford splitting method and the proximal point algorithm for maximal monotone operators},
  author={Eckstein, J. and Bertsekas, D. P.},
  journal={Math. Program.},
  volume={55},
  number={1},
  pages={293--318},
  year={1992},
  publisher={Springer}
}



@article{toulis2015stable,
  title={Stable Robbins-Monro approximations through stochastic proximal updates},
  author={Toulis, P. and Horel, T. and Airoldi, E. M},
  journal={arXiv preprint arXiv:1510.00967},
  year={2015}
}

@article{toulis2017asymptotic,
  title={Asymptotic and finite-sample properties of estimators based on stochastic gradients},
  author={Toulis, P. and Airoldi, E. M and others},
  journal={Ann. Stat.},
  volume={45},
  number={4},
  pages={1694--1727},
  year={2017},
  publisher={Institute of Mathematical Statistics}
}


@inproceedings{ouyang2013stochastic,
  title={Stochastic alternating direction method of multipliers},
  author={Ouyang, H. and He, N. and Tran, L. and Gray, A.},
  booktitle={ICML},
  pages={80--88},
  year={2013}
}

@article{brodie2009sparse,
  title={Sparse and stable Markowitz portfolios},
  author={Brodie, J. and Daubechies, I. and De Mol, C. and Giannone, D. and Loris, I.},
  journal={Proc. Natl. Acad. Sci. USA},
  volume={106},
  number={30},
  pages={12267--12272},
  year={2009},
  publisher={National Acad Sciences}
}


@misc{snapnets,
  author       = {Jure L. and Andrej K.},
  title        = {{SNAP Datasets}: {Stanford} Large Network Dataset Collection},
  howpublished = {\url{http://snap.stanford.edu/data}},
  month        = jun,
  year         = 2014
}

@article{ryu2014stochastic,
  title={Stochastic proximal iteration: a non-asymptotic improvement upon stochastic gradient descent},
  author={Ryu, E. K and Boyd, S.}
}

@inproceedings{alacaoglu2017smooth,
  title={Smooth Primal-Dual Coordinate Descent Algorithms for Nonsmooth Convex Optimization},
  author={Alacaoglu, A. and Tran-Dinh, Q. and Fercoq, O. and Cevher, V.},
  booktitle={NIPS},
  pages={5854--5863},
  year={2017}
}

@inproceedings{yurtsever2016stochastic,
  title={Stochastic three-composite convex minimization},
  author={Yurtsever, A. and V{\~u}, B. C. and Cevher, V.},
  booktitle={NIPS},
  pages={4329--4337},
  year={2016}
}


@inproceedings{yu2017online,
  title={Online Convex Optimization with Stochastic Constraints},
  author={Yu, H. and Neely, M. and Wei, X.},
  booktitle={NIPS},
  pages={1427--1437},
  year={2017}
}
ryu


@article{patrascu2017nonasymptotic,
  title={Nonasymptotic convergence of stochastic proximal point algorithms for constrained convex optimization},
  author={Patrascu, A. and Necoara, I.},
  journal={J. Mach. Learn. Res},
  year={2017}
}





@article{boyd2011distributed,
  title={Distributed optimization and statistical learning via the alternating direction method of multipliers},
  author={Boyd, S. and Parikh, N. and Chu, E. and Peleato, B. and Eckstein, J.},
  journal={Foundations and Trends{\textregistered} in Machine Learning},
  volume={3},
  number={1},
  pages={1--122},
  year={2011},
  publisher={Now Publishers Inc.}
}





@article{delyon:2000,
  title={{Stochastic Approximation with Decreasing Gain: Convergence and Asymptotic Theory}},
  author={Delyon, B.},
  year = 2000,
  journal={Unpublished Lecture Notes, http://perso.univ-rennes1.fr/bernard.delyon/as\_cours.ps}
}

@article{bauschke1999strong,
  title={Strong conical hull intersection property, bounded linear regularity, 
   {J}ameson‚Äôs property ({G}), and error bounds in convex optimization},
  author={Bauschke, H. H. and Borwein, J. M. and Li, W.},
  journal={Math. Program.},
  volume={86},
  number={1},
  pages={135--160},
  year={1999},
  publisher={Springer}
}


@article{robbins1951stochastic,
  title={A Stochastic Approximation Method},
  author={Robbins, H. and Monro, S.},
  journal={Ann. Math. Stat.},
  volume={22},
  number={3},
  pages={400--407},
  year={1951}
}

@article{ljung1978strong,
  title={Strong Convergence of a Stochastic Approximation Algorithm},
  author={Ljung, Lennart and others},
  journal={The Annals of Statistics},
  volume={6},
  number={3},
  pages={680--696},
  year={1978},
  publisher={Institute of Mathematical Statistics}
}

@article{ljung1977analysis,
  title={Analysis of recursive stochastic algorithms},
  author={Ljung, L.},
  journal={IEEE Trans. Automat. Contr.},
  volume={22},
  number={4},
  pages={551--575},
  year={1977},
  publisher={IEEE}
}



@article{alvarez2010asymptotic,
  title={Asymptotic almost-equivalence of {L}ipschitz evolution systems in 
         {B}anach spaces},
  author={Alvarez, F. and Peypouquet, J.},
  journal={Nonlinear Analysis: Theory, Methods \& Applications},
  volume={73},
  number={9},
  pages={3018--3033},
  year={2010},
  publisher={Elsevier}
}

@article{alvarez2009asymptotic,
  title={Asymptotic almost-equivalence of abstract evolution systems},
  author={Alvarez, F. and Peypouquet, J.},
  journal={arXiv preprint arXiv:0904.2157},
  year={2009}
}

@article{rosasco2014convergence,
  title={Convergence of Stochastic Proximal Gradient Algorithm},
  author={Rosasco, L. and Villa, S. and V{\~u}, B. C.},
  journal={arXiv preprint arXiv:1403.5074},
  year={2014}
}

@article{attouch2013convergence,
  title={Convergence of descent methods for semi-algebraic and tame problems: proximal algorithms, forward--backward splitting, and regularized Gauss--Seidel methods},
  author={Attouch, H. and Bolte, J. and Svaiter, B. F},
  journal={Math. Program.},
  volume={137},
  number={1-2},
  pages={91--129},
  year={2013},
  publisher={Springer}
}

@article{mertikopoulos2018mirror,
  title={Mirror descent in saddle-point problems: Going the extra (gradient) mile},
  author={Mertikopoulos, P. and Zenati, H. and Lecouat, B. and Foo, C.-S. and Chandrasekhar, V. and Piliouras, G.},
  journal={arXiv preprint arXiv:1807.02629},
  year={2018}
}



@article{majewski2018analysis,
  title={Analysis of nonsmooth stochastic approximation: the differential inclusion approach},
  author={Majewski, S. and Miasojedow, B. and Moulines, E.},
  journal={arXiv preprint arXiv:1805.01916},
  year={2018}
}


@incollection{robbins1971convergence,
  title={A convergence theorem for non negative almost supermartingales and some applications},
  author={Robbins, H. and Siegmund, D.},
  booktitle={Optimizing Methods in Statistics},
  pages={233--257},
  year={1971},
  publisher={Academic Press, New York}
}


@article{bauschke1996projection,
  title={On projection algorithms for solving convex feasibility problems},
  author={Bauschke, H. H. and Borwein, J. M.},
  journal={SIAM review},
  volume={38},
  number={3},
  pages={367--426},
  year={1996},
  publisher={SIAM}
}


@article{dieuleveut2017bridging,
  title={Bridging the Gap between Constant Step Size Stochastic Gradient Descent and Markov Chains},
  author={Dieuleveut, A. and Durmus, A. and Bach, F.},
  journal={arXiv preprint arXiv:1707.06386},
  year={2017}
}



@book {Smi58,
    AUTHOR = {Smithies, F.},
     TITLE = {Integral equations},
    SERIES = {Cambridge Tracts in Mathematics and Mathematical Physics, no.
              49},
 PUBLISHER = {Cambridge University Press},
   ADDRESS = {New York},
      YEAR = 1958,
     PAGES = {x+172},
   MRCLASS = {45.00},
  MRNUMBER = {MR0104991 (21 \#3738)},
MRREVIEWER = {I. A. Barnett},
}

@inproceedings{Tar06,
 author = {G. Taricco},  
 title = {On the capacity of separately-correlated {MIMO} {R}ician Fading Channels},  
 Booktitle = {Proc. 49th Annual IEEE Globecom Conference, 2006},
 address = {San Francisco (CA), USA},
 month = Nov,  year = 2006
 }

@article {Liu03,
    AUTHOR = {Liu, K. and Raghavan, V. and Sayeed, A.M.},
     TITLE = {Capacity scaling and spectral efficiency in wide-band
              correlated {MIMO} channels},
   JOURNAL = {IEEE Trans. Inform. Theory},
  FJOURNAL = {Institute of Electrical and Electronics Engineers.
              Transactions on Information Theory},
    VOLUME = 49,
      YEAR = 2003,
    NUMBER = 10,
     PAGES = {2504--2526},
      ISSN = {0018-9448},
     CODEN = {IETTAW},
   MRCLASS = {94A40 (94A24)},
  MRNUMBER = {MR2027998 (2004k:94039)},
}

@article {Chu02,
    AUTHOR = {Chuah, C.-N. and Tse, D.N.C. and Kahn, J.M. and
              Valenzuela, R.A.},
     TITLE = {Capacity scaling in {MIMO} wireless systems under correlated
              fading},
   JOURNAL = {IEEE Trans. Inform. Theory},
  FJOURNAL = {Institute of Electrical and Electronics Engineers.
              Transactions on Information Theory},
    VOLUME = 48,
      YEAR = 2002,
    NUMBER = 3,
     PAGES = {637--650},
      ISSN = {0018-9448},
     CODEN = {IETTAW},
   MRCLASS = {94A05},
  MRNUMBER = {MR1889973 (2003b:94001)},
}


@Book{Kai00,
  author =	 {Kailath, T. and Sayed A.H. and Hassibi B.},
  title = 	 {Linear Estimation},
  publisher = 	 {Prentice Hall},
  year = 	 2000,
  address =	 {NJ}
}

@Book{Krein77,
  author =	 {M.G. Krein and A.A. Nudelman},
  title = 	 {The Markov Moment Problem and Extremal Problems},
  publisher = 	 {American Mathematical Society},
  year = 	 1997,
  address =	 {Providence, Rhode Island}
}

@inproceedings{reddi2016proximal,
  title={Proximal stochastic methods for nonsmooth nonconvex finite-sum optimization},
  author={Reddi, S. J and Sra, S. and Poczos, B. and Smola, A. J},
  booktitle={NIPS},
  pages={1145--1153},
  year={2016}
}


% Begin oKp added
@ARTICLE{Rabiner:HMM,
   AUTHOR   = "L. R. Rabiner",
   TITLE    = "A tutorial on hidden {M}arkov models and selected applications in speech recognition",
   JOURNAL  = {Proc. IEEE},
   VOLUME   = 77,
   NUMBER   = 2,
   MONTH    = feb,
   PAGES    = "257-285",
   YEAR     = 1989}
@ARTICLE{Koopman:DistSmooth,
  AUTHOR   = "S. J. Koopman",
  TITLE    = "Disturbance smoother for state space models",
  JOURNAL  = bio,
  VOLUME   = 80,
  NUMBER   = 1,
  PAGES    = "117-126",
  YEAR     = 1993}
@ARTICLE{VertdeGris,
  AUTHOR = "J-P. Vert",
  TITLE = "Adaptive context trees and text clustering",
  JOURNAL = "IEEE Transactions on Information Theory",
  VOLUME = 47,
  NUMBER = 5,
  YEAR = 2001,
  PAGES = {1884-1901}
}
@ARTICLE{Perrave,
  AUTHOR = "T. Weissman and N. Merhav",
  TITLE = "Universal prediction of individual binary sequences in the presence of noise",
  JOURNAL = "IEEE Transactions on Information Theory",
  VOLUME = 47,
  NUMBER = 6,
  YEAR = 2001,
  PAGES = {2151-2173}
}
@TECHREPORT{Bolot:Markov:LongRange,
  AUTHOR       = {J-C. Bolot and M. Grossglauser},
  TITLE        = {Parsimonious {M}arkov modeling of processes with long range dependence},
  INSTITUTION  = {INRIA},
  YEAR 	       = {1996},
  NUMBER    = {2835}}
@UNPUBLISHED{Friedman,
  AUTHOR = {N. Friedman, and D. Koller},
  TITLE = {Being Bayesian about Network Structure: A Bayesian Approach to Structure Discovery in Bayesian Networks},
  YEAR = 2001,
  NOTE = {To appear in {\it Machine Learning}}
}



@UNPUBLISHED{Ake00,
  author = 	 {{\AA}kerblom, C.},
  title = 	 {Tracking Mobile Phones in Urban Areas.},
  year = 	 2000,
  note =	 {Licenciate thesis}
}



@InProceedings{FisKoo99,
  author = 	 {Fisher, S. and Koorapaty, H. and Larsson, E. and Kangas, A.},
  title = 	 {System performance evaluation of mobile positioning methods},
  booktitle = 	 {49th IEEE Vehicular Technology Conference},
  pages =	 {1962--1966},
  year =	 1999,
  volume =	 3,
  address =	 {Houston},
  month =	 {may}
}



@Article{Hue02,
  author = 	 {Hue, C. and Le Cadre, J.P. and Perez, P.},
  title = 	 {The {(MR)MTPF}: particle filters to track multiple targets using multiple receivers },
  journal = 	 {IEEE Transactions on Signal Processing},
  year = 	 {2002, To appear},
  volume =	 SP-50,
  month =	 {February},
  note =	 {Special issue on Monte Carlo Methods for Statistical Signal Processing},
}



@Article{HefLuc86,
  author = 	 {Heffes, H. and Lucantoni, D.},
  title = 	 {A {M}arkov modulated characterization of packetized voice and data
traffic and related statistical multiplexer performance},
  journal = 	 {IEEE Journal of Selected Areas on Telecommunications},
  year = 	 1986,
  volume =	 4,
  number =	 6,
  pages =	 {856--868}
}




@Article{Hey98,
  author = 	 {Heyman, D.P.},
  title = 	 {Some issues in performance modeling of data teletraffic},
  journal = 	 {Perform. Eval.},
  year = 	 1998,
  volume =	 34,
  pages =	 {227--247}
}



@InProceedings{Hey01,
  author = 	 {Heyman, D.P.},
  title = 	 {Estimation of Markov Modulated {P}oisson Process Models of IP Traffic},
  booktitle = 	 {11th INFORMS Applied Probability Society Conference},
  year =	 2001,
  address =	 {New York},
  month =	 {July}
}



@Book{Bla00,
  author =	 {Blanc-F{\'e}raud, L.},
   title = 	 {Inverse Problems in Image Processing},
  publisher = 	 {Universit{\'e} de Nice- Sophia Antipolis},
  year = 	 2000,
  note =	 {Habilitation \`a diriger des recherches}
}

% End oKp added




@Unpublished{AmbLapLin00s,
  author = 	 {C. Amblard and E. Lapalme and J.M. Lina},
  title = 	 {Biomagnetic Cortical Sources Reconstruction by Maximum Entropy on the Mean},
  note = 	 {submitted to IEEE Trans. Biomed. Eng.},
  year = 	 2000
}

@ARTICLE{Abou96,
author="A. Aboulala\^a",
title="The {G}ibbs principle for {M}arkov jump processes", 
journal=SPA,
year="1996",
volume=64,
pages="257--271",
}


@article {AcoKue83,
    AUTHOR = {de Acosta, A. and Kuelbs, J.},
     TITLE = {Limit theorems for moving averages of independent random
              vectors},
   JOURNAL = {Z. Wahrsch. Verw. Gebiete},
  FJOURNAL = {Zeitschrift f\"ur Wahrscheinlichkeitstheorie und Verwandte
              Gebiete},
    VOLUME = 64,
      YEAR = 1983,
    NUMBER = 1,
     PAGES = {67--123},
      ISSN = {0044-3719},
     CODEN = {ZWVGAA},
   MRCLASS = {60B12 (60G50)},
  MRNUMBER = {84i:60011},
MRREVIEWER = {Raoul LePage},
}


@Article{Aco94a,
  author = 	 {A. de Acosta},
  title = 	 {Large Deviations for vector-valued {L}\'evy processes},
  journal = 	 SPA,
  year = 	 1994,
  volume = 	 51,
  pages = 	 {75--115}
}

@Article{Aco94,
  author = {A. de Acosta},
  title = {On large deviations of empirical measures in the $\tau$-topology},
  journal =JAP,
  year = 1994,
  volume = {31A (special volume)},
  pages = {41--47}
}

@Book{Ada75,
  author = 	 {R. A. Adams},
  title = 	 {Sobolev Spaces},
  publisher = 	 {Academic Press},
  year = 	 1975,
  address = 	 {New York}
}

@misc{AndZei04pre,
    title = {{A CLT for a band matrix model (preprint)}},
    author = {Anderson, G. and Zeitouni, O.},
    eprint = {arXiv:math.PR/0412040}}



@Article{AndZei06,
  author = 	 {Anderson, G.W. and Zeitouni, O.},
  title = 	 {A {CLT} for a band matrix model},
  journal = 	 {Probab. Theory Related Fields},
  year = 	 2006,
  volume =	 134,
  number =	 2,
  pages =	 {283--338},
}

@ARTICLE{BaZ79,
author="R.R. Bahadur and S. Zabell",
title="Large deviations of the sample means in general vector spaces", 
journal=AoP,
year="1979",
volume=7,
pages="587--621",
}


@article {Bai99,
    AUTHOR = {Bai, Z. D.},
     TITLE = {Methodologies in spectral analysis of large-dimensional random
              matrices, a review},
   JOURNAL = {Statist. Sinica},
  FJOURNAL = {Statistica Sinica},
    VOLUME = {9},
      YEAR = {1999},
    NUMBER = {3},
     PAGES = {611--677},
      ISSN = {1017-0405},
   MRCLASS = {60F15 (60H25)},
  MRNUMBER = {MR1711663 (2000e:60044)},
}


@article {Bai93a,
    AUTHOR = {Bai, Z. D.},
     TITLE = {Convergence rate of expected spectral distributions of large
              random matrices. {I}. {W}igner matrices},
   JOURNAL = {Ann. Probab.},
  FJOURNAL = {The Annals of Probability},
    VOLUME = {21},
      YEAR = {1993},
    NUMBER = {2},
     PAGES = {625--648},
      ISSN = {0091-1798},
     CODEN = {APBYAE},
   MRCLASS = {60F15 (62H10)},
  MRNUMBER = {MR1217559 (95a:60039)},
MRREVIEWER = {V. L. Girko},
}


@article {Bai93b,
    AUTHOR = {Bai, Z. D.},
     TITLE = {Convergence rate of expected spectral distributions of large
              random matrices. {II}. {S}ample covariance matrices},
   JOURNAL = {Ann. Probab.},
  FJOURNAL = {The Annals of Probability},
    VOLUME = {21},
      YEAR = {1993},
    NUMBER = {2},
     PAGES = {649--672},
      ISSN = {0091-1798},
     CODEN = {APBYAE},
   MRCLASS = {60F15 (62H10)},
  MRNUMBER = {MR1217560 (95a:60040)},
MRREVIEWER = {V. L. Girko},
}



@article {BaiSil98,
    AUTHOR = {Bai, Z. D. and Silverstein, J. W.},
     TITLE = {No eigenvalues outside the support of the limiting spectral
              distribution of large-dimensional sample covariance matrices},
   JOURNAL = {Ann. Probab.},
  FJOURNAL = {The Annals of Probability},
    VOLUME = 26,
      YEAR = 1998,
    NUMBER = 1,
     PAGES = {316--345},
      ISSN = {0091-1798},
     CODEN = {APBYAE},
   MRCLASS = {60F15 (62H99)},
  MRNUMBER = {99b:60041},
}

@article {BaiSil04,
    AUTHOR = {Bai, Z. D. and Silverstein, J. W.},
     TITLE = {C{LT} for linear spectral statistics of large-dimensional
              sample covariance matrices},
   JOURNAL = {Ann. Probab.},
  FJOURNAL = {The Annals of Probability},
    VOLUME = 32,
      YEAR = 2004,
    NUMBER = {1A},
     PAGES = {553--605},
      ISSN = {0091-1798},
     CODEN = {APBYAE},
   MRCLASS = {60F05 (15A52 62G30 62H05)},
  MRNUMBER = {MR2040792 (2005b:60046)},
MRREVIEWER = {Sreenivasan Ravi},
}



@misc{BBP04pre,
    title = {{Phase transition of the largest eigenvalue for non-null
        complex sample covariance matrices}},
    author = {J. Baik and G. Ben Arous and S. Peche},
    eprint = {arXiv:math.PR/0403022}}


@Article{BDG01,
  author = 	 "G. Ben Arous and A. Dembo and A. Guionnet",
  title = 	 {Aging of spherical spin glasses},
  journal = 	 PTRF,
  year = 	 2001,
  volume = 	 120,
  number = 	 1,
  pages = 	 {1--67}
}

@Article{BerGamRou97,
  author = 	 {B. Bercu and F. Gamboa and A. Rouault},
  title = 	 {Large deviations for quadratic functionals of stationary {G}aussian processes},
  journal = 	 SPA,
  year = 	 1997,
  volume = 	 71,
  pages = 	 {75--90}
}



@Article{BerGamLav00,
  author = 	 {B. Bercu and F. Gamboa and M. Lavielle},
  title = 	 {Sharp large deviations for gaussian quadratic forms with applications},
  journal = 	 ESAIMPS,
  year = 	 2000,
  volume =	 4,
  pages =	 {1--24}
}

@Article{BPT98,
  author = 	 {D. Bertsimas and I. Paschalidis and J. Tsitsiklis},
  title = 	 {On the Large Deviations Behaviour of Acyclic Networks of G/G/1 Queues},
  journal = 	 AAP,
  year = 	 1998,
  volume = 	 8,
  number = 	 4,
  pages = 	 {1027-1069}
}

@article {BesBerDem99,
             AUTHOR = {Le Besnerais, Guy and Bercher, Jean-Fran{\c{c}}ois and
                       Demoment, Guy},
              TITLE = {A new look at entropy for solving linear inverse problems},
            JOURNAL = {IEEE Trans. Inform. Theory},
           FJOURNAL = {Institute of Electrical and Electronics Engineers.
                       Transactions on Information Theory},
             VOLUME = 45,
               YEAR = 1999,
             NUMBER = 5,
              PAGES = {1565--1578},
               ISSN = {0018-9448},
              CODEN = {IETTAW},
            MRCLASS = {65H17 (94A17)},
           MRNUMBER = {2000c:65052},
         }

@book {Bil95,
    AUTHOR = {Billingsley, P.},
     TITLE = {Probability and measure},
    SERIES = {Wiley Series in Probability and Mathematical Statistics},
 PUBLISHER = {John Wiley \& Sons Inc.},
   ADDRESS = {New York},
      YEAR = {1995},
     PAGES = {xiv+593},
      ISBN = {0-471-00710-2},
   MRCLASS = {60-01 (28-01)},
  MRNUMBER = {MR1324786 (95k:60001)},
}



@ARTICLE{BolSch89,
author="E. Bolthausen and U. Schmock",
title="On the maximum entropy principle for uniformly ergodic {M}arkov chains", 
journal=SPA,
year=1989,
volume=33,
pages="1--27",
}



@Article{Bor67,
  author = 	 {A. A. Borovkov},
  title = 	 {Boundary-value problems for random walks and large deviations in function spaces},
  journal = 	 TPA,
  year = 	 1967,
  volume =	 12,
  pages =	 {575--595}
}

@article {Bor90,
                                  AUTHOR = {Borovkov, K. A.},
                                   TITLE = {The functional form of the {E}rd{\H o}s-{R}\'enyi law of large
                                            numbers},
                                 JOURNAL = {Teor. Veroyatnost. i Primenen.},
                                FJOURNAL = {Akademiya Nauk SSSR. Teoriya Veroyatnoste\u\i\ i ee
                                            Primeneniya},
                                  VOLUME = {35},
                                    YEAR = {1990},
                                  NUMBER = {4},
                                   PAGES = {758--762},
                                    ISSN = {0040-361X},
                                 MRCLASS = {60F15},
                                MRNUMBER = {92e:60060},
                              MRREVIEWER = {S{\'a}ndor Cs{\"o}rg{\H{o}}},
                              }

@BOOK{Bou61,
author="N. Bourbaki",
title="El\'ements de Math\'ematique - Int\'egration 1-4",
publisher="Hermann",
year="1961",
address="Paris",
edition="second",
}


@article{necoara2018randomized,
  title={Randomized projection methods for convex feasibility problems: conditioning and convergence rates},
  author={Necoara, I. and Richtarik, P. and Patrascu, A.},
  journal={arXiv preprint arXiv:1801.04873},
  year={2018}
}



@Unpublished{BouGas00s,
  author = 	 {S. Boucheron and E. Gassiat},
  title = 	 {Optimal Error Exponents in Hidden Markov Models Order Estimation},
  note = 	 {submitted to IEEE Trans. Inform. Theory},
  year =	 2000
}

@article {BouKho98,
    AUTHOR = {Boutet de Monvel, A. and Khorunzhy, A.},
     TITLE = {Limit theorems for random matrices},
   JOURNAL = {Markov Process. Related Fields},
  FJOURNAL = {Markov Processes and Related Fields},
    VOLUME = {4},
      YEAR = {1998},
    NUMBER = {2},
     PAGES = {175--197},
      ISSN = {1024-2953},
   MRCLASS = {60F99 (15A52 82B44)},
  MRNUMBER = {MR1641617 (99k:60100)},
MRREVIEWER = {Boris A. Khoruzhenko},
}



@article {BKV96,
    AUTHOR = {Boutet de Monvel, A. and Khorunzhy, A. and Vasilchuk, V.},
     TITLE = {Limiting eigenvalue distribution of random matrices with
              correlated entries},
   JOURNAL = {Markov Process. Related Fields},
  FJOURNAL = {Markov Processes and Related Fields},
    VOLUME = 2,
      YEAR = 1996,
    NUMBER = 4,
     PAGES = {607--636},
      ISSN = {1024-2953},
   MRCLASS = {60F15 (62H99 82B44)},
  MRNUMBER = {98g:60060},
MRREVIEWER = {V. L. Girko},
}


@Unpublished{BreSil04pre,
  author = 	 {Dozier , R. B. and Silverstein, J. W.},
  title = 	 {On the Empirical Distribution of Eigenvalues of Large Dimensional Information-Plus-Noise Type Matrices},
  note = 	 {preprint 2004}
}

@book {BroDav91,
    AUTHOR = {Brockwell, P. J. and Davis, R. A.},
     TITLE = {Time series: theory and methods},
    SERIES = {Springer Series in Statistics},
 PUBLISHER = {Springer-Verlag},
   ADDRESS = {New York},
      YEAR = {1991},
     PAGES = {xvi+577},
      ISBN = {0-387-97429-6},
   MRCLASS = {62-01 (62M10)},
  MRNUMBER = {MR1093459 (92d:62001)},
}


@Article{BryDem96,
  author = 	 {W. Bryc and A. Dembo},
  title = 	 {Large deviations and strong mixing},
  journal = 	 IHP,
  year = 	 1996,
  volume = 	 32,
  pages = 	 {549--569}
}



@Article{BryDem97,
  author = 	 {W. Bryc and A. Dembo},
  title = 	 {Large deviations for quadratic functionals of {G}aussian processes},
  journal = 	 JTP,
  year = 	 1997,
  volume = 	 10,
  pages = 	 {307--332}
}

@book {Buc90,
               AUTHOR = {Bucklew, James A.},
                TITLE = {Large deviation techniques in decision, simulation, and
                         estimation},
            PUBLISHER = {John Wiley \& Sons Inc.},
              ADDRESS = {New York},
                 YEAR = 1990,
                PAGES = {xvi+270},
                 ISBN = {0-471-61856-X},
              MRCLASS = {60F10 (62F12)},
             MRNUMBER = {93a:60038},
           }

@article {BucSad93,
                 AUTHOR = {Bucklew, James A. and Sadowsky, John S.},
                  TITLE = {A contribution to the theory of {C}hernoff bounds},
                JOURNAL = {IEEE Trans. Inform. Theory},
               FJOURNAL = {Institute of Electrical and Electronics Engineers.
                           Transactions on Information Theory},
                 VOLUME = {39},
                   YEAR = {1993},
                 NUMBER = {1},
                  PAGES = {249--254},
                   ISSN = {0018-9448},
                  CODEN = {IETTAW},
                MRCLASS = {94A05 (60F10)},
               MRNUMBER = {93m:94001},
             }


@article {Cab01,
    AUTHOR = {Cabanal-Duvillard, T.},
     TITLE = {Fluctuations de la loi empirique de grandes matrices
              al\'eatoires},
   JOURNAL = {Ann. Inst. H. Poincar\'e Probab. Statist.},
  FJOURNAL = {Annales de l'Institut Henri Poincar\'e. Probabilit\'es et
              Statistiques},
    VOLUME = {37},
      YEAR = {2001},
    NUMBER = {3},
     PAGES = {373--402},
      ISSN = {0246-0203},
     CODEN = {AHPBAR},
   MRCLASS = {15A52 (46L54 60F05)},
  MRNUMBER = {MR1831988 (2002c:15040)},
MRREVIEWER = {Mihail Voicu},
}




@Article{Cap01,
  author = 	 {Capp{\'e}, Olivier},
  title = 	 {Recursive computation of smoothed functionals of hidden {Markovian}
  processes using a particle approximation},
  journal = 	 {Monte Carlo Methods and Applications},
  year = 	 2001,
  volume =	 7,
  number =	 {1--2},
  pages =	 {81--92}
}




@Misc{Cap01b,
  author =	 {Capp{\'e}, Olivier},
  title =	 {Ten years of HMMs},
  year =	 2001,
  note =	 {\url{http://www.tsi.enst.fr/~cappe/docs/hmmbib.html}}
}




@article {Che99,
                                   AUTHOR = {Chen, X.},
                                    TITLE = {How often does a {H}arris recurrent {M}arkov chain recur?},
                                  JOURNAL = {Ann. Probab.},
                                 FJOURNAL = {The Annals of Probability},
                                   VOLUME = 27,
                                     YEAR = 1999,
                                   NUMBER = 3,
                                    PAGES = {1324--1346},
                                     ISSN = {0091-1798},
                                    CODEN = {APBYAE},
                                  MRCLASS = {60F05 (60F15 60G50 60J05)},
                                 MRNUMBER = {2001i:60032},
                               }

@article {Che00,
                                    AUTHOR = {Chen, X.},
                                     TITLE = {On the limit laws of the second order for additive functionals
                                              of {H}arris recurrent {M}arkov chains},
                                   JOURNAL = {Probab. Theory Related Fields},
                                  FJOURNAL = {Probability Theory and Related Fields},
                                    VOLUME = 116,
                                      YEAR = 2000,
                                    NUMBER = 1,
                                     PAGES = {89--123},
                                      ISSN = {0178-8051},
                                     CODEN = {PTRFEU},
                                   MRCLASS = {60J05 (60F05 60F15)},
                                  MRNUMBER = {2001k:60093},
                                }

@article {Chi01,
                                    AUTHOR = {Chi, Z.},
                                     TITLE = {Stochastic sub-additivity approach to the conditional large
                                              deviation principle},
                                   JOURNAL = {Ann. Probab.},
                                  FJOURNAL = {The Annals of Probability},
                                    VOLUME = {29},
                                      YEAR = {2001},
                                    NUMBER = {3},
                                     PAGES = {1303--1328},
                                      ISSN = {0091-1798},
                                     CODEN = {APBYAE},
                                   MRCLASS = {60F10 (60G10)},
                                  MRNUMBER = {1 872 744},
                                MRREVIEWER = {Rimas Norvai{\v{s}}a},
                                }

@article {Chi01a,
                                    AUTHOR = {Chi, Z.},
                                     TITLE = {The first-order asymptotic of waiting times with distortion
                                              between stationary processes},
                                   JOURNAL = {IEEE Trans. Inform. Theory},
                                  FJOURNAL = {Institute of Electrical and Electronics Engineers.
                                              Transactions on Information Theory},
                                    VOLUME = 47,
                                      YEAR = 2001,
                                    NUMBER = 1,
                                     PAGES = {338--347},
                                      ISSN = {0018-9448},
                                     CODEN = {IETTAW},
                                   MRCLASS = {60G10 (60F10 94A34)},
                                  MRNUMBER = {2002a:60059},
                                }

@Article{ChiKus88,
  author = 	 {T. Chiyonobu and S. Kusuoka},
  title = 	 {The large deviation principle for hypermixing processes},
  journal = 	 PTRF,
  year = 	 88,
  volume = 	 78,
  pages = 	 {627--649}
}




@Article{Com89,
  author = 	 {F. Comets},
  title = 	 {Large deviations estimates for a conditional probability distribution.
Application to random interacting {G}ibbs measures},
  journal = 	 PTRF,
  year = 	 1989,
  volume =	 80,
  pages =	 {407--432}
}



@Article{Com94,
  author = 	 {F. Comets},
  title = 	 {Erd{\"o}s-R{\'e}nyi laws for {G}ibbs measures},
  journal = 	CMP,
  year = 	 1994,
  volume =	 162,
  pages =	 {353--369}
}

@article {CotForMal83,
             AUTHOR = {Cottrell, Marie and Fort, Jean-Claude and Malgouyres,
                       G{\'e}rard},
              TITLE = {Large deviations and rare events in the study of stochastic
                       algorithms},
            JOURNAL = {IEEE Trans. Automat. Control},
           FJOURNAL = {Institute of Electrical and Electronics Engineers.
                       Transactions on Automatic Control},
             VOLUME = 28,
               YEAR = 1983,
             NUMBER = 9,
              PAGES = {907--920},
               ISSN = {0018-9286},
              CODEN = {IETAA9},
            MRCLASS = {60F10 (62L20 93E25 94A05)},
           MRNUMBER = {85d:60059},
         MRREVIEWER = {A. Benveniste},
         }

@book {CovTho91,
                 AUTHOR = {Cover, Thomas M. and Thomas, Joy A.},
                  TITLE = {Elements of information theory},
              PUBLISHER = {John Wiley \& Sons Inc.},
                ADDRESS = {New York},
                   YEAR = 1991,
                  PAGES = {xxiv+542},
                   ISBN = {0-471-06259-6},
                MRCLASS = {94-02 (94A17)},
               MRNUMBER = {92g:94001},
             MRREVIEWER = {L. L. Campbell},
             }

@InProceedings{Cra38,
  author = 	 {H. Cram\'er},
  title = 	 {Sur un nouveau th\'eor\`eme limite de la th\'eorie des probabilit\'es},
  booktitle = 	 {Colloque consacr\'e \`a la th\'eorie des Probabilit\'es},
  pages = 	 {5--23},
  year = 	 1938,
  editor = 	 {Hermann},
  volume = 	 736,
  address = 	 {Paris}
}

@ARTICLE{Csi75,
author="I. Csisz\'ar",
title="{$I$}-divergence geometry of probability distributions and minimization problems", 
journal=AoP,
year="1975",
volume=3,
number=1,
pages="146--158",
}

@ARTICLE{Csi84,
author="I. Csisz\'ar",
title="Sanov property, generalized {$I$}-projection and a conditionnal limit theorem", 
journal=AoP,
year="1984",
volume=12,
number=3,
pages="768--793",
}


@article {Csi98
,
              AUTHOR = {Csisz{\'a}r, I.},
               TITLE = {The method of types},
             JOURNAL = {IEEE Trans. Inform. Theory},
            FJOURNAL = {Institute of Electrical and Electronics Engineers.
                        Transactions on Information Theory},
              VOLUME = 44,
                YEAR = 1998,
              NUMBER = 6,
               PAGES = {2505--2523},
                ISSN = {0018-9448},
               CODEN = {IETTAW},
             MRCLASS = {94A15 (94A24 94A40)},
            MRNUMBER = {99j:94016},
          }

@Article{CsiGamGas99,
  author = 	 "I. Csisz\'ar and F. Gamboa and E. Gassiat",
  title = 	 {MEM Pixel Correlated Solutions for Generalized Moment and Interpolation Problems},
  journal = 	 IEEE-IT,
  year = 	 1999,
  volume = 	 45,
  number = 	 7,
  pages = 	 {2253--2270}
}



@Article{DacGam90,
  author = 	 {D. Dacunha-Castelle and F. Gamboa},
  title = 	 {Maximum d'entropie et probl{\`e}me des moments},
  journal = 	 IHP,
  year = 	 1990,
  volume = 	 26,
  pages = 	 {567--596}
}



@Article{DawGar87,
  author = 	 {D.A. Dawson and J. G{\"a}rtner},
  title = 	 {Large deviations from the {McK}ean-{V}lasov limit for weakly interacting
diffusions},
  journal = 	 {Stochastics},
  year = 	 1987,
  volume =	 20,
  pages =	 {247--308}
}

@article {Debbah03,
    AUTHOR = {Debbah, M. and Hachem, W. and Loubaton, P.
              and de Courville, M.},
     TITLE = {M{MSE} analysis of certain large isometric random precoded
              systems},
   JOURNAL = {IEEE Trans. Inform. Theory},
  FJOURNAL = {Institute of Electrical and Electronics Engineers.
              Transactions on Information Theory},
    VOLUME = {49},
      YEAR = {2003},
    NUMBER = {5},
     PAGES = {1293--1311},
      ISSN = {0018-9448},
     CODEN = {IETTAW},
   MRCLASS = {94A40 (46L53 94A13)},
  MRNUMBER = {2004e:94027},
MRREVIEWER = {Grigori G. Amosov},
}



@Article{Deh91,
   AUTHOR = {Deheuvels, P.},
                                     TITLE = {Functional {E}rd{\H o}s-{R}\'enyi laws},
                                   JOURNAL = {Studia Sci. Math. Hungar.},
                                  FJOURNAL = {Studia Scientiarum Mathematicarum Hungarica. A Quarterly of
                                              the Hungarian Academy of Sciences},
                                    VOLUME = 26,
                                      YEAR = 1991,
                                    NUMBER = {2-3},
                                     PAGES = {261--295},
                                      ISSN = {0081-6906},
                                     CODEN = {SSMHAX},
                                   MRCLASS = {60F15 (60F10 60F17)},
                                  MRNUMBER = {93i:60056},
                                MRREVIEWER = {J. Steinebach},
                                }

@article {DelGui98,
    AUTHOR = {Del Moral, P. and Guionnet, A.},
     TITLE = {Large deviations for interacting particle systems:
              applications to non-linear filtering},
   JOURNAL = {Stochastic Process. Appl.},
  FJOURNAL = {Stochastic Processes and their Applications},
    VOLUME = {78},
      YEAR = {1998},
    NUMBER = {1},
     PAGES = {69--95},
      ISSN = {0304-4149},
     CODEN = {STOPB7},
   MRCLASS = {60F10 (60G35 60K35 93E11)},
  MRNUMBER = {99k:60071},
MRREVIEWER = {Ingemar Kaj},
}
@article {DelGui99,
    AUTHOR = {Del Moral, P. and Guionnet, A.},
     TITLE = {Central limit theorem for nonlinear filtering and interacting
              particle systems},
   JOURNAL = {Ann. Appl. Probab.},
  FJOURNAL = {The Annals of Applied Probability},
    VOLUME = 9,
      YEAR = 1999,
    NUMBER = 2,
     PAGES = {275--297},
      ISSN = {1050-5164},
   MRCLASS = {60F17 (60K35 62M20 93E11)},
  MRNUMBER = {2000h:60041},
MRREVIEWER = {{\L}. Stettner},
}



@incollection {DelMic00,
            AUTHOR = {Del Moral, P. and Miclo, L.},
             TITLE = {Branching and interacting particle systems approximations of
                      {F}eynman-{K}ac formulae with applications to non-linear
                      filtering},
         BOOKTITLE = {S\'eminaire de Probabilit\'es, XXXIV},
             PAGES = {1--145},
         PUBLISHER = {Springer},
           ADDRESS = {Berlin},
              YEAR = 2000,
           MRCLASS = {60G35 (60F05 60G57 60J57 60J80 60K35 62L20 82C80 92D25)},
          MRNUMBER = {2001g:60091},
        MRREVIEWER = {Sylvie M{\'e}l{\'e}ard},
        }



@InProceedings{DebMul03,
  author = 	 {Debbah, M. and M{\"u}ller, R.},
  title = 	 {On the Limiting Behavior of Directional MIMO Models},
  booktitle = 	 {Proceeding of the Sixth Baiona Workshop On Signal Processing in Communication},
  year =	 2003,
  address =	 {Spain},
  month =	 {September}
}

@article {DemKon99bi,
                                    AUTHOR = {Dembo, A. and Kontoyiannis, I.},
                                     TITLE = {The asymptotics of waiting times between stationary processes,
                                              allowing distortion},
                                   JOURNAL = {Ann. Appl. Probab.},
                                  FJOURNAL = {The Annals of Applied Probability},
                                    VOLUME = 9,
                                      YEAR = 1999,
                                    NUMBER = 2,
                                     PAGES = {413--429},
                                      ISSN = {1050-5164},
                                   MRCLASS = {60F10 (60F05 60F15 60G10)},
                                  MRNUMBER = {2000e:60042},
                                MRREVIEWER = {Peter Eichelsbacher},
                                }


@article {DemKon01,
                 AUTHOR = {Dembo, A. and Kontoyiannis, I.},
                  TITLE = {Critical behavior in lossy source coding},
                JOURNAL = {IEEE Trans. Inform. Theory},
               FJOURNAL = {Institute of Electrical and Electronics Engineers.
                           Transactions on Information Theory},
                 VOLUME = 47,
                   YEAR = 2001,
                 NUMBER = 3,
                  PAGES = {1230--1242},
                   ISSN = {0018-9448},
                  CODEN = {IETTAW},
                MRCLASS = {94A34 (94A08)},
               MRNUMBER = {1 830 074},
             }


@article {DemSha98,
                                         AUTHOR = {Dembo, A. and Shao, Q.},
                                          TITLE = {Self-normalized moderate deviations and lils},
                                        JOURNAL = {Stochastic Process. Appl.},
                                       FJOURNAL = {Stochastic Processes and their Applications},
                                         VOLUME = 75,
                                           YEAR = 1998,
                                         NUMBER = 1,
                                          PAGES = {51--65},
                                           ISSN = {0304-4149},
                                          CODEN = {STOPB7},
                                        MRCLASS = {60F10 (60F15)},
                                       MRNUMBER = {99i:60053},
                                     MRREVIEWER = {Karl Grill},
                                     }


@Article{DouMat01,
  author = 	 {Douc, R. and Matthias, C.},
  title = 	 {Asymptotic properties of the Maximum Likelihood Estimator for general Hidden Markov Models},
  journal = 	 {Bernoulli},
  year = 	 2001,
  volume =	 7,
  pages =	 {381--420}
}

@book {DFG01,
             editor = {Doucet, A. and de Freitas, N. and Gordon, N.}, 
             TITLE = {Sequential {M}onte {C}arlo methods in practice},
         PUBLISHER = {Springer-Verlag},
           ADDRESS = {New York},
              YEAR = 2001,
             PAGES = {xxviii+581},
              ISBN = {0-387-95146-6},
           MRCLASS = {65C05 (65-02)},
          MRNUMBER = {1 847 783},
        }




@article {DawGar94,
                                    AUTHOR = {Dawson, D. A. and G{\"a}rtner, J.},
                                     TITLE = {Multilevel large deviations and interacting diffusions},
                                   JOURNAL = {Probab. Theory Related Fields},
                                  FJOURNAL = {Probability Theory and Related Fields},
                                    VOLUME = {98},
                                      YEAR = {1994},
                                    NUMBER = {4},
                                     PAGES = {423--487},
                                      ISSN = {0178-8051},
                                     CODEN = {PTRFEU},
                                   MRCLASS = {60F10 (60J60 60K35)},
                                  MRNUMBER = {95h:60039},
                                MRREVIEWER = {Ingemar Kaj},
                                }

@preamble{
                                   "\def\cprime{$'$} "
                                }
                                @incollection {DawGar98,
                                    AUTHOR = {Dawson, D. A. and G{\"a}rtner, J.},
                                     TITLE = {Analytic aspects of multilevel large deviations},
                                 BOOKTITLE = {Asymptotic methods in probability and statistics (Ottawa, ON,
                                              1997)},
                                     PAGES = {401--440},
                                 PUBLISHER = {North-Holland},
                                   ADDRESS = {Amsterdam},
                                      YEAR = 1998,
                                   MRCLASS = {60F10 (60B12 60K35)},
                                  MRNUMBER = {2000a:60042},
                                MRREVIEWER = {Anatolii A. Pukhal{\cprime}ski{\u\i}},
                                }

@article {DemZaj95,
    AUTHOR = {Dembo, A. and Zajic, T.},
     TITLE = {Large deviations: from empirical mean and measure to partial
              sums process},
   JOURNAL = {Stochastic Process. Appl.},
  FJOURNAL = {Stochastic Processes and their Applications},
    VOLUME = 57,
      YEAR = 1995,
    NUMBER = 2,
     PAGES = {191--224},
      ISSN = {0304-4149},
     CODEN = {STOPB7},
   MRCLASS = {60F10 (60K25)},
  MRNUMBER = {96m:60064},
MRREVIEWER = {Philippe Barbe},
}


@BOOK{DemZei98,
author="A. Dembo and O. Zeitouni",
title="Large Deviations Techniques And Applications",
publisher="Springer Verlag",
year="1998",
address="New York",
edition="second",
}




@Book{DeuStr89,
  author = 	 {J.D. Deuschel and D.W. Stroock},
  title = 	 {Large Deviations},
  publisher = 	 {Academic Press},
  year = 	 1989,
  address = 	 {Boston}
}


@book {Die68,
                                         AUTHOR = {Dieudonn{\'e}, J.},
                                          TITLE = {Calcul infinit\'esimal},
                                      PUBLISHER = {Hermann},
                                        ADDRESS = {Paris},
                                           YEAR = 1968,
                                          PAGES = {479 pp. (loose errata)},
                                        MRCLASS = {00.00 (26.00)},
                                       MRNUMBER = {37 \#2557},
                                     MRREVIEWER = {T. M. Apostol},
                                     }

@Article{DGW99,
  author = 	 {H. Djellout and A. Guillin and L. Wu},
  title = 	 {Large and moderate deviations for quadratic empirical processes},
  journal = 	 SISP,
  year = 	 1999,
  volume =	 2,
  number =	 3,
  pages =	 {195--225}
}

@Article{DonVar75a,
  author = 	 {M.D. Donsker and S.R.S. Varadhan},
  title = 	 {Asymptotic evaluation of certain {M}arkov process expectations for large time, {I}},
  journal = 	 CPAM,
  year = 	 1975,
  volume =	 28,
  pages =	 {1--47}
}
@Article{DonVar75b,
  author = 	 {M.D. Donsker and S.R.S. Varadhan},
  title = 	 {Asymptotic evaluation of certain {M}arkov process expectations for large time, {II}},
  journal = 	 CPAM,
  year = 	 1975,
  volume =	 28,
  pages =	 {279--301}
}
@Article{DonVar76,
  author = 	 {M.D. Donsker and S.R.S. Varadhan},
  title = 	 {Asymptotic evaluation of certain {M}arkov process expectations for large time, {III}},
  journal = 	 CPAM,
  year = 	 1976,
  volume =	 29,
  pages =	 {389--461}
}
@Article{DonVar83,
  author = 	 {M.D. Donsker and S.R.S. Varadhan},
  title = 	 {Asymptotic evaluation of certain {M}arkov process expectations for large time, {IV}},
  journal = 	 CPAM,
  year = 	 1983,
  volume =	 36,
  pages =	 {183--212}
}


@Book{Dud89,
  author =	 {R. M. Dudley},
  title = 	 {Real {A}nalysis and {P}robability},
  publisher = 	 {Wadsworth and Brooks/Cole},
  year = 	 1989
}




@InProceedings{LouICASSP05,
  author = 	 {J. Dumont and  P. Loubaton and  S. Lasaulce and M. Debbah },
  title = 	 {On the asymptotic performance of MIMO correlated Ricean Channels},
  booktitle = 	 {ICASSP Proceedings },
  OPTcrossref =  {},
  OPTkey = 	 {},
  OPTpages = 	 {},
  year = 	 {2005},
  OPTeditor = 	 {},
  OPTvolume = 	 {},
  OPTnumber = 	 {},
  OPTseries = 	 {},
  OPTaddress = 	 {},
  OPTmonth = 	 {},
  OPTorganization = {},
  OPTpublisher = {},
  OPTnote = 	 {},
  OPTannote = 	 {}
}

@Book{DunSch58,
  author = 	 {N. Dunford and J.T. Schwartz},
  title = 	 {Linear {O}perators, {P}art {I}},
  publisher = 	 {Interscience {P}ublishers {I}nc.},
  year = 	 {1958},
  address = 	 {New York},
}



@Article{DupEll95,
  author = 	 {P. Dupuis and R.S. Ellis},
  title = 	 {The Large Deviation Principle for a general class of queuing queuing systems},
  journal = 	 TAMS,
  year = 	 1995,
  volume = 	 347,
  number = 	 8,
  pages = 	 {2689--2751}
}

@ARTICLE{DV76,
author="M. D. Donsker and S. R. S. Varadhan",
title="Asymptotic evaluation of certain {M}arkov processes expectations for large time, {III}", 
journal=CPAM,
year="1976",
volume=29,
pages="389--461",
}

@article{EicSch01,
               AUTHOR = {Eichelsbacher, P. and Schmock, U.},
                TITLE = {Large deviations for products of empirical measures of
                         dependent sequences},
              JOURNAL = {Markov Process. Related Fields},
             FJOURNAL = {Markov Processes and Related Fields},
               VOLUME = 7,
                 YEAR = 2001,
               NUMBER = 3,
                PAGES = {435--468},
                 ISSN = {1024-2953},
              MRCLASS = {60F10},
             MRNUMBER = {1 856 491},
           }


@Unpublished{EicSch02s,
  author = 	 {P. Eichelsbacher and U. Schmock},
  title = 	 {Large deviations of {$U$}-empirical measures in strong topologies and applications},
  note = 	 {To be published in {\it Annales de l'{I}nstitut {H}enri {P}oincar{\'e}}, 
probabilit{\'e}s et statistiques in 2002},
}


@Unpublished{EicSch97,
  author = 	 {P. Eichelsbacher and U. Schmock},
  title = 	 {Large and moderate deviations of products of empirical measures and {$U$}-empirical measures in strong topologies},
  note = 	 {Preprint},
  year = 	 1997,
  annote = 	 {Universit\"at Bielefeld}
}



@Article{EicSch98,
  author = 	 {P. Eichelsbacher and U. Schmock},
  title = 	 {Exponential approximations in completely regular topological spaces and extensions of {S}anov's theorem},
  journal = 	 SPA,
  year = 	 1998,
  volume = 	 77,
  pages = 	 {233-251}
}


@BOOK{EkeTem76,
author="I. Ekeland and R. Temam",
title="Convex Analysis and Variational Problems",
publisher="North-Holland",
year="1976",
address="Amsterdam",
} 




@Article{Ell84,
  author = 	 {R. S. Ellis},
  title = 	 {Large deviations for a general class of random vectors},
  journal = 	 AoP,
  year = 	 1984,
  volume = 	 12,
  pages = 	 {1--12}
}

@Article{EGP93,
  author = 	 {R.S. Ellis and J. Gough and J.V. Pul{\'e}},
  title = 	 {The large deviation principle for measures with random weights},
  journal = 	 RMP,
  year = 	 1993,
  volume = 	 5,
  number = 	 4,
  pages = 	 {659--692}
}

@article {ErdRen70,
                                  AUTHOR = {Erd{\H{o}}s, P. and R{\'e}nyi, A.},
                                   TITLE = {On a new law of large numbers},
                                 JOURNAL = {J. Analyse Math.},
                                  VOLUME = 23,
                                    YEAR = 1970,
                                   PAGES = {103--111},
                                 MRCLASS = {60.30},
                                MRNUMBER = {42 \#6907},
                              MRREVIEWER = {W. L. Steiger},
                              }

@PhdThesis{For00,
  author = 	 {A. de La Fortelle},
  title = 	 {Contribution \`a la th\'eorie des grandes d\'eviations et applications},
  school = 	 {\'Ecole Nationale des Ponts et Chauss\'ees},
  year = 	 2000
}

@Article{GamGas97,
  author = 	 {F. Gamboa and E. Gassiat},
  title = 	 {Bayesian Methods and Maximum Entropy for ill-posed inverse problems},
  journal = 	 AoS,
  year = 	 1997,
  volume = 	 25,
  number = 	 1,
  pages = 	 {328--350}
}



@Article{GamRouZan99,
  author = 	 {F. Gamboa and A. Rouault and M. Zani},
  title = 	 {A functional large deviations principle 
for quadratic forms of {G}aussian stationary processes},
  journal = 	 SPL,
  year = 	 1999,
  volume =	 43,
  pages =	 {299--308}
}

@article {Gan98,
                                    AUTHOR = {Gantert, N.},
                                     TITLE = {Functional {E}rd{\H o}s-{R}enyi laws for semiexponential
                                              random variables},
                                   JOURNAL = {Ann. Probab.},
                                  FJOURNAL = {The Annals of Probability},
                                    VOLUME = 26,
                                      YEAR = 1998,
                                    NUMBER = 3,
                                     PAGES = {1356--1369},
                                      ISSN = {0091-1798},
                                     CODEN = {APBYAE},
                                   MRCLASS = {60F17 (60F10 60G50)},
                                  MRNUMBER = {99k:60096},
                                MRREVIEWER = {Karl Grill},
                                }

@Article{Gar77,
  author = 	 {J. G\"artner},
  title = 	 {On large deviations from the invariant measure},
  journal = 	 TPA,
  year = 	 1977,
  volume =	 22,
  pages = 	 {24--39}
}




@Article{GasKer00,
  author = 	 {Gassiat, E. and K{\'e}ribin C.},
  title = 	 {The likelihood ratio test for the number of components in a mixture
with  Markov regime},
  journal = 	 {ESAIM: Probability and Statistics},
  year = 	 2000,
  volume =	 4,
  pages =	 {25--52}
}

@Article{Gas01s,
  author = 	 {E. Gassiat},
  title = 	 {Likelihood ratio inequalities with application to various mixtures},
  journal = 	 {Pr{\'e}publication Paris-Sud},
  year = 	 2001
}

@incollection{Gil82,
author="J.R. Giles",
booktitle="Research Notes in Math. 58",
title="Convex Analysis with application in the Differentiation of Convex Functions",
publisher="Pitman",
year="1982",
address="London"
} 

@Article{Gin76,
  author =       {Giner, E.},
  title =        {D\'ecomposabilit\'e et dualit\'e des espaces d'Orlicz, (in french)},
  journal =      {Travaux du S\'eminaire d'Analyse Convexe, Montpellier},
  year =         1976,
  volume =       6
}

@article {Gir03,
    AUTHOR = {Girko, V. L.},
     TITLE = {Thirty years of the central resolvent law and three laws on
              the {$1/n$} expansion for resolvent of random matrices},
   JOURNAL = {Random Oper. Stochastic Equations},
  FJOURNAL = {Random Operators and Stochastic Equations},
    VOLUME = 11,
      YEAR = 2003,
    NUMBER = 2,
     PAGES = {167--212},
      ISSN = {0926-6364},
   MRCLASS = {60H25 (15A52)},
  MRNUMBER = {MR2001000 (2004h:60100)},
MRREVIEWER = {Jacek Kabzi{\'n}ski},
}

@preamble{
   "\def\cdprime{$''$} "
}
@book {Gir75,
    AUTHOR = {Girko, V. L.},
     TITLE = {Sluchainye matritsy (Russian) [Random Matrices]},
 PUBLISHER = {Izdat. Ob\cdprime ed. ``Vi\v s\v ca \v Skola'' pri Kiev.
              Gosudarstv. Univ., Kiev},
      YEAR = {1975},
     PAGES = {448},
   MRCLASS = {60F05 (60B99 62H10 82.60)},
  MRNUMBER = {MR0394812 (52 \#15611)},
MRREVIEWER = {J. L. Brenner},
}

@article {Gui02,
    AUTHOR = {Guionnet, A.},
     TITLE = {Large deviations upper bounds and central limit theorems for
              non-commutative functionals of {G}aussian large random
              matrices},
   JOURNAL = {Ann. Inst. H. Poincar\'e Probab. Statist.},
  FJOURNAL = {Annales de l'Institut Henri Poincar\'e. Probabilit\'es et
              Statistiques},
    VOLUME = 38,
      YEAR = 2002,
    NUMBER = 3,
     PAGES = {341--384},
      ISSN = {0246-0203},
     CODEN = {AHPBAR},
   MRCLASS = {60F10 (15A52 60F05 82B31)},
  MRNUMBER = {MR1899457 (2003a:60042)},
MRREVIEWER = {Peter Eichelsbacher},
}



@misc{GuiMai04pre,
    title = {{An asymptotic log-Fourier interpretation of the R-transform}},
    author = {A. Guionnet and M. Maida},
    eprint = {arXiv:math.PR/0406121}}
%    year = 2004}


@preamble{
   "\def\cprime{$'$} "
}

@book {Gir90,
    AUTHOR = {Girko, V. L.},
     TITLE = {Theory of random determinants},
    SERIES = {Mathematics and its Applications (Soviet Series)},
    VOLUME = {45},
 PUBLISHER = {Kluwer Academic Publishers Group},
   ADDRESS = {Dordrecht},
      YEAR = {1990},
     PAGES = {xxvi+677},
      ISBN = {0-7923-0233-8},
   MRCLASS = {60-02 (15A52 60B15 60Fxx 62Hxx)},
  MRNUMBER = {MR1080966 (91k:60001)},
}



@book {Gir01a,
    AUTHOR = {Girko, V. L.},
     TITLE = {Theory of stochastic canonical equations. {V}ol. {I}},
    SERIES = {Mathematics and its Applications},
    VOLUME = 535,
 PUBLISHER = {Kluwer Academic Publishers},
   ADDRESS = {Dordrecht},
      YEAR = 2001,
     PAGES = {xxiv+497},
      ISBN = {1-4020-0073-1},
   MRCLASS = {60F05 (15A52 47N30 60F15 60G42 82B31 82C31)},
  MRNUMBER = {2003f:60048},
MRREVIEWER = {V. I. Serdobol{\cprime}ski{\u\i}},
}


@Misc{Gou01,
  author =	 {B. Goulard et al.},
  title =	 {Localisation des sources d'activit\'e en {M}agn\'eto-{E}nc\'ephalographie 
par {M}aximum d'{E}ntropie en {M}oyenneet {M}od\`eles graphiques hi\'erarchiques},
  year =	 2001,
  note =	 {Concours RCM\_2 2001/2002, http://www.crm.umontreal.ca/rcm2/Chercheurs01\_02/Goulard.PDF},
}



@Article{GOR79,
  author = {P. Groeneboom and J. Oosterhoff and F.H. Ruymgaart},
  title = {Large deviation theorems for empirical probability measures},
  journal = AoP,
  year = 1979,
  volume = 7,
  pages = {553--586}
}



@Article{HLN05,
  author = 	 {W. Hachem and P. Loubaton and J. Najim},
  title = 	 {The empirical eigenvalue distribution of a Gram matrix: From independence to stationarity},
  journal = 	 {Markov Process, Related Fields.},
  year = 	 2005,
  volume =	 11,
  number =	 4,
  pages =	 {629--648}
}


@article {HLN06,
    AUTHOR = {Hachem, W. and Loubaton, P. and Najim, J.},
     TITLE = {The empirical distribution of the eigenvalues of a {G}ram
              matrix with a given variance profile},
   JOURNAL = {Ann. Inst. H. Poincar\'e Probab. Statist.},
  FJOURNAL = {Annales de l'Institut Henri Poincar\'e. Probabilit\'es et
              Statistiques},
    VOLUME = {42},
      YEAR = {2006},
    NUMBER = {6},
     PAGES = {649--670},
      ISSN = {0246-0203},
     CODEN = {AHPBAR},
   MRCLASS = {62G32 (15A18)},
  MRNUMBER = {MR2269232},
}



@article {HLN07,
    AUTHOR = {W. Hachem and P. Loubaton and J. Najim},
     TITLE = {Deterministic Equivalents for certain functionals of large random matrices},
   JOURNAL = {Ann. Appl. Probab.},
  FJOURNAL = {The Annals of Applied Probability},
    VOLUME = {17},
      YEAR = {2007},
    NUMBER = {3},
     PAGES = {875--930},
}



@Unpublished{HLN05prebis,
  author = 	 {W. Hachem and P. Loubaton and J. Najim},
  title = 	 {Deterministic Equivalents for certain functionals of large random matrices},
  note = 	 {available at http://arxiv.org/abs/math.PR/0507172},
  year =	 2005
}



@Unpublished{HKLNP06pre,
  author = 	 {W. Hachem and O. Khorunzhiy and P. Loubaton and J. Najim and L. Pastur},
  title = 	 {A new approach for capacity analysis of large dimensional multi-antenna channels},
  note = 	 {submitted to IEEE trans. Inform. Theory, available at http://arxiv.org/abs/cs.IT/0612076},
 OPTkey = 	 {},
  OPTmonth = 	 {},
  year = 	 {2006},
  OPTannote = 	 {}
}

@article {MSS03,
    AUTHOR = {Moustakas, A. L. and Simon, S. H. and Sengupta, A.
              M.},
     TITLE = {M{IMO} capacity through correlated channels in the presence of
              correlated interferers and noise: a (not so) large {$N$}
              analysis},
   JOURNAL = {IEEE Trans. Inform. Theory},
  FJOURNAL = {Institute of Electrical and Electronics Engineers.
              Transactions on Information Theory},
    VOLUME = {49},
      YEAR = {2003},
    NUMBER = {10},
     PAGES = {2545--2561},
      ISSN = {0018-9448},
     CODEN = {IETTAW},
   MRCLASS = {94A40 (94A24)},
  MRNUMBER = {MR2028000 (2004k:94041)},
}



@Unpublished{SenMit00pre,
  author = 	 {A. M. Sengupta and P.P. Mitra},
  title = 	 {Capacity of multivariate channels with multiplicative noise: 
I. Random matrix techniques and Large-N expansions for full transfer matrices},
  note = 	 {available at http://arxiv.org/abs/physics/0010081},
  year =	 2000,
  annote =	 {This version: 2004}
}


@book{HorJoh94,
    AUTHOR = {Horn, R. A. and Johnson, C. R.},
     TITLE = {Matrix analysis},
 PUBLISHER = {Cambridge University Press},
   ADDRESS = {Cambridge},
      YEAR = 2007,
     PAGES = {viii+607},
      ISBN = {0-521-46713-6},
   MRCLASS = {15-02 (15-01 65-02 65Fxx)},
  MRNUMBER = {MR1288752 (95c:15001)},
}


@article {Hog77,
                                      AUTHOR = {H{\"o}gn{\"a}s, G.},
                                       TITLE = {Characterization of weak convergence of signed measures on
                                                {$[0, 1]$}},
                                     JOURNAL = {Math. Scand.},
                                      VOLUME = 41,
                                        YEAR = 1977,
                                      NUMBER = 1,
                                       PAGES = {175--184},
                                     MRCLASS = {60B10 (28A32)},
                                    MRNUMBER = {58 \#2948},
                                  MRREVIEWER = {P. Gerard},
                                  }

@article{JRW92,
                                     AUTHOR = {Jiang, T. and Wang, X.  and Rao, M. B.},
                                      TITLE = {Moderate deviations for some weakly dependent random
                                               processes},
                                    JOURNAL = {Statist. Probab. Lett.},
                                   FJOURNAL = {Statistics \& Probability Letters},
                                     VOLUME = {15},
                                       YEAR = {1992},
                                     NUMBER = {1},
                                      PAGES = {71--76},
                                       ISSN = {0167-7152},
                                      CODEN = {SPLTDC},
                                    MRCLASS = {60F10},
                                   MRNUMBER = {93m:60053},
                                 MRREVIEWER = {Wlodzimierz Bryc}},
@article{JLRW93,
                                    AUTHOR = {Jiang, T. and Rao, M. B. and Wang, X. and
                                              Li, D.},
                                     TITLE = {Laws of large numbers and moderate deviations for stochastic
                                              processes with stationary and independent increments},
                                   JOURNAL = {Stochastic Process. Appl.},
                                  FJOURNAL = {Stochastic Processes and their Applications},
                                    VOLUME = 44,
                                      YEAR = 1993,
                                    NUMBER = 2,
                                     PAGES = {205--219},
                                      ISSN = {0304-4149},
                                     CODEN = {STOPB7},
                                   MRCLASS = {60F10 (60F15 60J30)},
                                  MRNUMBER = {94c:60048},
                                MRREVIEWER = {N. H. Bingham},
                                }

@article {Joh98,
    AUTHOR = {Johansson, K.},
     TITLE = {On fluctuations of eigenvalues of random {H}ermitian matrices},
   JOURNAL = {Duke Math. J.},
  FJOURNAL = {Duke Mathematical Journal},
    VOLUME = 91,
      YEAR = 1998,
    NUMBER = 1,
     PAGES = {151--204},
      ISSN = {0012-7094},
     CODEN = {DUMJAO},
   MRCLASS = {82B44 (82B05)},
  MRNUMBER = {MR1487983 (2000m:82026)},
MRREVIEWER = {Estelle L. Basor},
}

@article {Jon82,
    AUTHOR = {Jonsson, D.},
     TITLE = {Some limit theorems for the eigenvalues of a sample covariance
              matrix},
   JOURNAL = {J. Multivariate Anal.},
  FJOURNAL = {Journal of Multivariate Analysis},
    VOLUME = 12,
      YEAR = 1982,
    NUMBER = 1,
     PAGES = {1--38},
      ISSN = {0047-259X},
     CODEN = {JMVAAI},
   MRCLASS = {62H10 (62E20)},
  MRNUMBER = {MR650926 (83m:62085)},
MRREVIEWER = {Nariaki Sugiura},
}

@BOOK{KarShr91,
author="I. Karatzas and S.E. Shreve",
title="Brownian Motion and Stochastic Calculus",
publisher="Springer-Verlag",
year="1991",
edition="second",
}


@Book{Kel55,
  author = 	 {J. L. Kelley},
  title = 	 {General Topology},
  publisher = 	 {Springer Verlag},
  year = 	 1955,
  address = 	 {New York}
}

@article {KKP96,
    AUTHOR = {Khorunzhy, A. and Khoruzhenko, B. and Pastur,
              L.},
     TITLE = {Asymptotic properties of large random matrices with
              independent entries},
   JOURNAL = {J. Math. Phys.},
  FJOURNAL = {Journal of Mathematical Physics},
    VOLUME = {37},
      YEAR = {1996},
    NUMBER = {10},
     PAGES = {5033--5060},
      ISSN = {0022-2488},
     CODEN = {JMAPAQ},
   MRCLASS = {82B44 (60F99 60H25)},
  MRNUMBER = {97j:82082},
MRREVIEWER = {Jacobus Verbaarschot},
}


@article {Koz79,
                                   AUTHOR = {Kozek, Andrzej},
                                    TITLE = {Convex integral functionals on {O}rlicz spaces},
                                  JOURNAL = {Comment. Math. Prace Mat.},
                                 FJOURNAL = {Roczniki Polskiego Towarzystwa Matematycznego. Seria I.
                                             Commentationes Mathematicae. Prace Matematyczne},
                                   VOLUME = 21,
                                     YEAR = 1980,
                                   NUMBER = 1,
                                    PAGES = {109--135},
                                     ISSN = {0373-8299},
                                    CODEN = {RPTPAQ},
                                  MRCLASS = {46G99 (46E40 49A99)},
                                 MRNUMBER = {82c:46058},
                               MRREVIEWER = {Vladimir L. Levin},
                               }
@article {Koz80,
                                   AUTHOR = {Kozek, Andrzej},
                                    TITLE = {Convex integral functionals on {O}rlicz spaces},
                                  JOURNAL = {Comment. Math. Prace Mat.},
                                 FJOURNAL = {Roczniki Polskiego Towarzystwa Matematycznego. Seria I.
                                             Commentationes Mathematicae. Prace Matematyczne},
                                   VOLUME = {21},
                                     YEAR = {1980},
                                   NUMBER = {1},
                                    PAGES = {109--135},
                                     ISSN = {0373-8299},
                                    CODEN = {RPTPAQ},
                                  MRCLASS = {46G99 (46E40 49A99)},
                                 MRNUMBER = {82c:46058},
                               MRREVIEWER = {Vladimir L. Levin},
                               }


@incollection {Kun01,
                                    AUTHOR = {K{\"u}nsch, H. R.},
                                     TITLE = {State space and hidden {M}arkov models},
                                 BOOKTITLE = {Complex stochastic systems (Eindhoven, 1999)},
                                    SERIES = {Monogr. Statist. Appl. Probab.},
                                    VOLUME = 87,
                                     PAGES = {109--173},
                                 PUBLISHER = {Chapman \& Hall/CRC, Boca Raton, FL},
                                      YEAR = 2001,
                                   MRCLASS = {65C05 (62M05 93E03)},
                                  MRNUMBER = {1 893 412},
                                }


@Unpublished{Kun02,
  author = 	 {K{\"u}nsch, H.R.},
  title = 	 {Recursive Monte Carlo Filters: Algorithms and Theoretical Analysis} ,
  note = 	 {Seminar f{\"u}r Statistik, ETH Z{\"u}rich, Switzerland},
  month = 	 {September},
  year = 	 2002
}

%L%

@article {Led92,
                                     AUTHOR = {Ledoux, M.},
                                      TITLE = {Sur les d\'eviations mod\'er\'ees des sommes de variables
                                               al\'eatoires vectorielles ind\'ependantes de m\^eme loi},
                                    JOURNAL = {Ann. Inst. H. Poincar\'e Probab. Statist.},
                                   FJOURNAL = {Annales de l'Institut Henri Poincar\'e. Probabilit\'es et
                                               Statistiques},
                                     VOLUME = {28},
                                       YEAR = {1992},
                                     NUMBER = {2},
                                      PAGES = {267--280},
                                       ISSN = {0246-0203},
                                      CODEN = {AHPBAR},
                                    MRCLASS = {60B12 (60F10)},
                                   MRNUMBER = {93k:60017},
                                 MRREVIEWER = {Joseph E. Yukich},
                                 }

@TechReport{LegOud01,
  author = 	 {Le {G}land, F.  and Oudjane, N.},
  title = 	 {Stability and uniform approximation of nonlinear filters using the
  {Hilbert} metric, and application to particle filters},
  institution =  {IRISA},
  year = 	 2001,
  number =	 1404,
  month =	 {June},
  note =	 {\url{ftp://ftp.irisa.fr/techreports/2001/PI-1404.ps.gz}}
}

@Unpublished{Leo96,
  author = 	 {C. L\'eonard},
  title = 	 {Convex conjugates of integral functionals},
  note = 	 {Preprint},
  year = 	 1996
}

@Unpublished{Leo97,
  author = 	 {C. L\'eonard},
  title = 	 {Minimization of energy functionals applied to some inverse problems},
  note = 	 {Preprint},
  year = 	 1997
}

@Unpublished{Leo00,
  author = 	 {C. L\'eonard},
  title = 	 {Minimizers of energy functional under not very integrable constraints},
  note = 	 {To appear in Journal of Convex Analysis},
  year = 	 2002
}



@Article{Leo00a,
  author = 	 {C. L\'eonard},
  title = 	 {Large deviations for {P}oisson random measures and processes with independent increments},
  journal = 	 SPA,
  year = 	 2000,
  volume = 	 85,
  pages = 	 {93--121}
}

    
@article{Leo01}
AUTHOR = {L{\'e}onard, C.},
            TITLE = {Minimization of energy functionals applied to some inverse
                     problems},
          JOURNAL = {Appl. Math. Optim.},
         FJOURNAL = {Applied Mathematics and Optimization. An International Journal
                     with Applications to Stochastics},
           VOLUME = {44},
             YEAR = {2001},
           NUMBER = {3},
            PAGES = {273--297},
             ISSN = {0095-4616},
            CODEN = {AMOMBN},
          MRCLASS = {49N15 (49J10 52A41)},
         MRNUMBER = {1 851 741},
       }



@Unpublished{leoNaj-sanov,
  author = 	 {C. L\'eonard and J. Najim},
  title = 	 {An extention of {S}anov's theorem. {A}pplication to the {G}ibbs conditionning principle},
  year = 	 2001,
  note = 	 {submitted to {\sl Bernoulli}}
}

@Unpublished{LeoNaj02,
  author = 	 {C. L\'eonard and J. Najim},
  title = 	 {An extention of {S}anov's theorem. {A}pplication to the {G}ibbs conditionning principle},
  year = 	 2002,
  note = 	 {to be published in {\sl Bernoulli}}
}

@article {LeoNaj02a,
    AUTHOR = {C. L{\'e}onard and J. Najim},
     TITLE = {An extension of {S}anov's theorem: application to the {G}ibbs
              conditioning principle},
   JOURNAL = {Bernoulli},
  FJOURNAL = {Bernoulli. Official Journal of the Bernoulli Society for
              Mathematical Statistics and Probability},
    VOLUME = {8},
      YEAR = {2002},
    NUMBER = {6},
     PAGES = {721--743},
      ISSN = {1350-7265},
   MRCLASS = {60F10 (46E30 60G57)},
  MRNUMBER = {1 963 659},
}



@Article{LTV04,
  author = 	 {Li, L. and Tulino, A.M. and Verdu, S.},
  title = 	 {Design of Reduced-Rank MMSE Multiuser Detectors Using Random Matrix Methods},
  journal = 	 {IEEE Trans. Inform. Theory},
  year = 	 2004,
  volume =	 50,
  number =	 6,
  pages =	 {986--1008},
  month =	 {june}
}

@Article{LynSet87,
  author = 	 {J. Lynch and J. Sethuraman},
  title = 	 {Large Deviations for Processes with Independent Increments},
  journal = 	 AoP,
  year = 	 1987,
  volume = 	 15,
  number = 	 2,
  pages = 	 {610--627}
}

@article {MarPas67,
    AUTHOR = {Mar{\v{c}}enko, V. A. and Pastur, L. A.},
     TITLE = {Distribution of eigenvalues in certain sets of random
              matrices},
   JOURNAL = {Mat. Sb. (N.S.)},
    VOLUME = {72 (114)},
      YEAR = {1967},
     PAGES = {507--536},
   MRCLASS = {60.30 (60.90)},
  MRNUMBER = {34 \#8458},
MRREVIEWER = {J. G. Wendel},
}

@article{martinet1970breve,
  title={Br{\`e}ve communication. R{\'e}gularisation d'in{\'e}quations variationnelles par approximations successives},
  author={Martinet, B.},
  journal={Revue fran{\c{c}}aise d'informatique et de recherche op{\'e}rationnelle. S{\'e}rie rouge},
  volume={4},
  number={R3},
  pages={154--158},
  year={1970},
  publisher={EDP Sciences}
}



@Article{Mog76,
  author = 	 {A.A. Mogul'skii},
  title = 	 {Large Deviations for Trajectories of Multi-Dimentional Random Walks},
  journal = 	 TPA,
  year = 	 1976,
  volume = 	 21,
  pages = 	 {300--315}
}



@Article{Mog93,
  author = 	 {A.A. Mogul'skii},
  title = 	 {Large deviations for processes with independent increments},
  journal = 	 AoP,
  year = 	 1993,
  volume = 	 21,
  pages = 	 {202--213}
}



@Article{Nav85,
  author = 	 {Navaza, J.},
  title = 	 {On the maximum entropy estimate of electron density function},
  journal = 	 {Acta Cris.},
  year = 	 1985
}
@article {Naj02,
                                    AUTHOR = {Najim, J.},
                                     TITLE = {A {C}ram\'er type theorem for weighted random variables},
                                   JOURNAL = {Electron. J. Probab.},
                                  FJOURNAL = {Electronic Journal of Probability},
                                    VOLUME = 7,
                                      YEAR = 2002,
                                     PAGES = {no. 4, 32 pp. (electronic)},
                                      ISSN = {1083-6489},
                                   MRCLASS = {60F10 (60G57)},
                                  MRNUMBER = {1 887 624},
                                }

@PhdThesis{Naj01,
  author = 	 {J. Najim},
  title = 	 {Grandes d\'eviations pour certaines mesures empiriques},
  school = 	 {Universit\'e de Paris 10-\ Nanterre},
  year = 	 2001
}



@Unpublished{Naj02b,
  author = 	 {J. Najim},
  title = 	 {A counterexample in Large deviations},
  note = 	 {pp 1-5},
  year =	 2002
}

@Unpublished{Naj02a,
  author = 	 {J. Najim},
  title = 	 {A Large Deviation Principle for the Empirical Mean of Independent but Not Identically Distributed Random Variables},
  note = 	 {in preparation},
   year = 2002
}




@TechReport{MNP04pre,
  author = 	 {Maida, M. and Najim, J. and P\'ech\'e, S.},
  title = 	 {Large Deviations for partial weighted empirical mean},
  institution =  {},
  year = 	 {2004},
  OPTkey = 	 {},
  OPTtype = 	 {},
  OPTnumber = 	 {},
  OPTaddress = 	 {},
  OPTmonth = 	 {},
  OPTnote = 	 {},
  OPTannote = 	 {}
}

@BOOK{Nev72,
author="J. Neveu",
title="Martingales \`a temps discret",
publisher="Masson",
year=1972,
address="Paris",
}



@Booklet{Oco99,
  title = 	 {Large Deviations with Applications to Telecommunications},
  author = 	 {N. O'Connell},
  howpublished = {U.U.D.M. Lecture Notes 1999:3},
  year = 	 1999,
  annote = 	 {Lecture Notes for course presented at Uppsala University}
}




@PhdThesis{Oud00,
  author = 	 {Oujdane, Nadia},
  title = 	 {Stabilit\'e et Approximations Particulaires en Filtrage Non-Lin\'eaire 
-Application au Pistage.},
  school = 	 {Universit\'e de Rennes 1},
  year = 	 2000
}

@article {PitShe99,
               AUTHOR = {Pitt, Michael K. and Shephard, Neil},
                TITLE = {Filtering via simulation: auxiliary particle filters},
              JOURNAL = {J. Amer. Statist. Assoc.},
             FJOURNAL = {Journal of the American Statistical Association},
               VOLUME = {94},
                 YEAR = {1999},
               NUMBER = {446},
                PAGES = {590--599},
                 ISSN = {0162-1459},
                CODEN = {JSTNAL},
              MRCLASS = {62M20},
             MRNUMBER = {1 702 328},
           }



@Book{RaoRen91,
  author = 	 {M. Rao and Z. D. Ren},
  title = 	 {Theory of Orlicz spaces},
  publisher = 	 {Marcel Dekker Inc.},
  year = 	 1991,
  address =	 {New-York},
}



@Book{ReeSim80,
  author = 	 {M. Reed and B. Simon},
  title = 	 {Methods of Modern Mathematical Physics I},
  publisher = 	 {Academic Press},
  year = 	 1980,
  address = 	 {New York}
}

@BOOK{Rev97a,
author="D. Revuz",
title="Mesure et Int\'egration",
publisher="Hermann",
year=1997,
address="Paris",
edition="seconde",
}


@BOOK{Rev97b,
author="D. Revuz",
title="Probabilit\'es",
publisher="Hermann",
year=1997,
address="Paris",
}


@article{rockafellar1976monotone,
  title={Monotone operators and the proximal point algorithm},
  author={Rockafellar, R. T.},
  journal={SIAM journal on control and optimization},
  volume={14},
  number={5},
  pages={877--898},
  year={1976},
  publisher={SIAM}
}

@Article{Roc68,
  author = 	 {R. T. Rockafellar},
  title = 	 {Integrals which are convex functionals},
  journal = 	 PJM,
  year = 	 1968,
  volume = 	 24,
  number = 	 3,
  pages = 	 {525--539}
}


@book{Roc70, 
    AUTHOR = {Rockafellar, R. T.},
     TITLE = {Convex analysis},
    SERIES = {Princeton Mathematical Series, No. 28},
 PUBLISHER = {Princeton University Press, Princeton, N.J.},
      YEAR = {1970},
     PAGES = {xviii+451},
   MRCLASS = {26.52 (46.00)},
  MRNUMBER = {0274683},
MRREVIEWER = {Ky Fan},
}




@InCollection{Roc71,
  author = 	 {R. T. Rockafellar},
  title = 	 {Convex Integral Functionals and Duality},
  booktitle = 	 {Contributions to Non Linear Functional Analysis},
  pages = 	 {215--236},
  publisher = {Academic Press},
  year = 	 {1971},
  editor = 	 {E. Zarantello},
}
@Article{Roc71a,
  author = 	 {R. T. Rockafellar},
  title = 	 {Integrals which are convex functionals, {II}},
  journal = 	 PJM,
  year = 	 1971,
  volume = 	 39,
  number = 	 2,
  pages = 	 {439--469}
}


@article {San94,
                                   AUTHOR = {Sanchis, G. R.},
                                    TITLE = {A functional limit theorem for {E}rd{\H o}s and {R}\'enyi's
                                             law of large numbers},
                                  JOURNAL = {Probab. Theory Related Fields},
                                 FJOURNAL = {Probability Theory and Related Fields},
                                   VOLUME = {98},
                                     YEAR = {1994},
                                   NUMBER = {1},
                                    PAGES = {1--5},
                                     ISSN = {0178-8051},
                                    CODEN = {PTRFEU},
                                  MRCLASS = {60F10 (60F15 60F17)},
                                 MRNUMBER = {95b:60026a},
                               MRREVIEWER = {J. Steinebach},
                               }

@article {San94b,
                                   AUTHOR = {Sanchis, G. R.},
                                    TITLE = {Addendum: ``{A} functional limit theorem for {E}rd{\H o}s and
                                             {R}\'enyi's law of large numbers''},
                                  JOURNAL = {Probab. Theory Related Fields},
                                 FJOURNAL = {Probability Theory and Related Fields},
                                   VOLUME = {99},
                                     YEAR = {1994},
                                   NUMBER = {3},
                                    PAGES = {475},
                                     ISSN = {0178-8051},
                                    CODEN = {PTRFEU},
                                  MRCLASS = {60F10 (60F15 60F17)},
                                 MRNUMBER = {95b:60026b},
                               MRREVIEWER = {J. Steinebach},
                               }

@Article{Sanov,
  author = 	 {I. N. Sanov},
  title = 	 {On the probability of large deviations of random variables},
  journal = 	 {Selected transl. Math. Statist. and Prob.},
  year = 	 1961,
  volume = 	 1,
  pages = 	 {214--244}
}

@Article{Sch98,
  author = 	 {A. Schied},
  title = 	 {Cram{\'e}r's condition and {S}anov's theorem},
  journal = 	 SPL,
  year = 	 1998,
  volume = 	 39,
  pages = 	 {55--60}
}


@article {Sch94,
    AUTHOR = {Schuette, P. H.},
     TITLE = {Large deviations for trajectories of sums of independent
              random variables},
   JOURNAL = {J. Theoret. Probab.},
  FJOURNAL = {Journal of Theoretical Probability},
    VOLUME = 7,
      YEAR = 1994,
    NUMBER = 1,
     PAGES = {3--45},
      ISSN = {0894-9840},
     CODEN = {JTPREO},
   MRCLASS = {60F10},
  MRNUMBER = {94m:60063},
MRREVIEWER = {Tzong-Yow Lee},
}



@Book{SchWei95,
  author = 	 {A. Schwartz and A. Weiss},
  ALTeditor = 	 {},
  title = 	 {Large Deviations for Performance Analysis, Queues, Communication and Computing},
  publisher = 	 {Chapman and Hall},
  year = 	 {1995},
  OPTkey = 	 {},
  OPTvolume = 	 {},
  OPTnumber = 	 {},
  OPTseries = 	 {},
  OPTaddress = 	 {},
  OPTedition = 	 {},
  OPTmonth = 	 {},
  OPTnote = 	 {},
  OPTannote = 	 {}
}

@article {SilBai95,
    AUTHOR = {Silverstein, J. W. and Bai, Z. D.},
     TITLE = {On the empirical distribution of eigenvalues of a class of
              large-dimensional random matrices},
   JOURNAL = {J. Multivariate Anal.},
  FJOURNAL = {Journal of Multivariate Analysis},
    VOLUME = 54,
      YEAR = 1995,
    NUMBER = 2,
     PAGES = {175--192},
      ISSN = {0047-259X},
   MRCLASS = {60F15 (62H99)},
  MRNUMBER = {97b:60053},
MRREVIEWER = {A. K. Gupta},
}

@Book{Str84,
  author = 	 {D. W. Stroock},
  ALTeditor = 	 {},
  title = 	 {An Introduction to the Theory of Large Deviations},
  publisher = 	 {Springer-Verlag},
  year = 	 {1984},
  OPTkey = 	 {},
  OPTvolume = 	 {},
  OPTnumber = 	 {},
  OPTseries = 	 {},
  address = 	 {Berlin},
  OPTedition = 	 {},
  OPTmonth = 	 {},
  OPTnote = 	 {},
  OPTannote = 	 {}
}



@Book{Str93,
  author =	 {D.W. Stroock},
  title = 	 {Probability theory: an analytic view},
  publisher = 	 {Cambridge University Press},
  year = 	 1993,
  edition =	 {revised}
}

@InProceedings{StrZei91,
  author = 	 {D. W. Stroock and O. Zeitouni},
  title = 	 {Microcanonical distributions, {G}ibbs states, and the equivalence of ensembles.},
  booktitle = 	 {Festchrift in honour of F. Spitzer},
  editor = 	 {R. Durrett and H. Kesten},
  year = 	 1991,
  publisher = {Birkh\"auser},
  address = 	 {Basel, Switzerland},
  pages = 	 {399--424}
}

@article {TseHan99,
    AUTHOR = {Tse, D. N. C. and Hanly, S. V.},
     TITLE = {Linear multiuser receivers: effective interference, effective
              bandwidth and user capacity},
   JOURNAL = {IEEE Trans. Inform. Theory},
  FJOURNAL = {Institute of Electrical and Electronics Engineers.
              Transactions on Information Theory},
    VOLUME = 45,
      YEAR = 1999,
    NUMBER = 2,
     PAGES = {641--657},
      ISSN = {0018-9448},
     CODEN = {IETTAW},
   MRCLASS = {94A05},
  MRNUMBER = {MR1677023},
}

@article {TseHan01,
    AUTHOR = {Tse, D. and Hanly, S.},
     TITLE = {Resource pooling and effective bandwidths in {CDMA} networks
              with multiuser receivers and spatial diversity},
   JOURNAL = {IEEE Trans. Inform. Theory},
  FJOURNAL = {Institute of Electrical and Electronics Engineers.
              Transactions on Information Theory},
    VOLUME = 47,
      YEAR = 2001,
    NUMBER = 4,
     PAGES = {1328--1351},
      ISSN = {0018-9448},
     CODEN = {IETTAW},
   MRCLASS = {94A24 (94A05)},
  MRNUMBER = {2002b:94016},
}




@Article{TseZei00,
  author = 	 {Tse, D. and Zeitouni, O.},
  title = 	 {Linear Multiuser Receivers in Random Environments},
  journal = 	 {IEEE Trans. Inform. Theory},
  year = 	 2000,
  volume =	 46,
  number =	 1,
  pages =	 {171--188}
}



@InCollection{TulVer04,
  author = 	 {Tulino, A. and Verd{\'u}, S.},
  title = 	 {Random Matrix Theory and Wireless Communications},
  booktitle = 	 {Foundations and Trends in Communications and Information Theory},
  pages =	 {1--182},
  publisher =	 {Now Publishers},
  year =	 2004,
  volume =	 1,
  number =	 1,
  month =	 {june}
}






@InProceedings{TulVer05,
  author = 	 {Tulino, A. and Verdu, S.},
  title = 	 {Asymptotic outage capacity of multiantenna channels},
  booktitle = 	 {Proceedings of IEEE ICASSP '05},
  pages =	 {828--835},
  year =	 2005,
  volume =	 5,
  month =	 {march}
}

@Article{VanCov81,
  author = 	 {J.M. Van Campenhout and T.M. Cover},
  title = 	 {Maximum entropy and conditionnal probability},
  journal = 	 IEEE-IT,
  year = 	 1981,
  volume =	 {IT-27},
  number =	 4,
  pages =	 {483--489}
}



@Article{VDLP90,
          author = {van den Berg, M. and Dorlas, T. C. and Lewis, J. T. and Pul{\'e}, J. V.},
          title = {A perturbed
            mean field model of an interacting boson gas and the large deviation principle},
          journal = CMP,
          VOLUME = 127,
          YEAR = 1990,
          NUMBER = 1,
          PAGES = {41--69},
          ISSN = {0010-3616},
          CODEN ={CMPHAY},
          MRCLASS ={82C10 (58E30 60K35 82B10)},
          MRNUMBER ={91c:82037},
        }

@Article{Var66,
  author = 	 {S.R.S. Varadhan},
  title = 	 {Asymptotic probabilities and differential equations},
  journal = 	 CPAM,
  year = 	 1966,
  volume = 	 19,
  pages = 	 {261--286}
}


@Article{VerduShamai99,
  author = 	 {Verdu, S. and Shamai, S.},
  title = 	 {Spectral efficiency of CDMA with random spreading},
  journal = 	 {IEEE Trans. Inform. Theory},
  year = 	 1999,
  volume =	 45,
  number =	 2,
  pages =	 {622-640}
}



@Article{Vin93,
    AUTHOR = {Vinogradov, V.},
              TITLE = {Large deviations for i.i.d.\ random sums when {C}ram\'er's
                       condition is fulfilled only on a finite interval},
            JOURNAL = {C. R. Math. Rep. Acad. Sci. Canada},
           FJOURNAL = {La Soci\'et\'e Royale du Canada. L'Acad\'emie des Sciences.
                       Comptes Rendus Math\'ematiques (Mathematical Reports)},
             VOLUME = 15,
               YEAR = 1993,
             NUMBER = 5,
              PAGES = {229--234},
               ISSN = {0706-1994},
            MRCLASS = {60F10},
           MRNUMBER = {94i:60045},
         }

@book {Vin94,
                    AUTHOR = {Vinogradov, V.},
                     TITLE = {Refined large deviation limit theorems},
                 PUBLISHER = {Longman Scientific \& Technical},
                   ADDRESS = {Harlow},
                      YEAR = 1994,
                     PAGES = {xii+212},
                      ISBN = {0-582-25499-X},
                   MRCLASS = {60F10 (60F05 60G42)},
                  MRNUMBER = {96d:60040},
                MRREVIEWER = {Iosif Pinelis},
                }

@BOOK{Wil91,
author="D. Williams",
title="Probability with Martingales",
publisher="Cambridge University Press",
year=1991,
}

@Article{Wis00,
  author = 	 {D. Wischik},
  title = 	 {Sample path large deviations for queues with many imputs},
  journal = 	 AAP,
  year = 	 {2000},
  OPTkey = 	 {},
  OPTvolume = 	 {},
  OPTnumber = 	 {},
  OPTpages = 	 {},
  OPTmonth = 	 {},
  OPTnote = 	 {},
  OPTannote = 	 {}
}

@article {Wu94,
                                    AUTHOR = {Wu, L.},
                                     TITLE = {Large deviations, moderate deviations and {LIL} for empirical
                                              processes},
                                   JOURNAL = {Ann. Probab.},
                                  FJOURNAL = {The Annals of Probability},
                                    VOLUME = {22},
                                      YEAR = {1994},
                                    NUMBER = {1},
                                     PAGES = {17--27},
                                      ISSN = {0091-1798},
                                     CODEN = {APBYAE},
                                   MRCLASS = {60F10 (60B12 60G50)},
                                  MRNUMBER = {95g:60039},
                                MRREVIEWER = {M. Cs{\"o}rg{\H{o}}},
                                }

@article {Wu95,
                                     AUTHOR = {Wu, L.},
                                      TITLE = {Moderate deviations of dependent random variables related to
                                               {CLT}},
                                    JOURNAL = {Ann. Probab.},
                                   FJOURNAL = {The Annals of Probability},
                                     VOLUME = {23},
                                       YEAR = {1995},
                                     NUMBER = {1},
                                      PAGES = {420--445},
                                       ISSN = {0091-1798},
                                      CODEN = {APBYAE},
                                    MRCLASS = {60F10 (60F05 60J25 60K35)},
                                   MRNUMBER = {96f:60047},
                                 MRREVIEWER = {De Li Li},
                                 }

@article {Yin86,
    AUTHOR = {Yin, Y. Q.},
     TITLE = {Limiting spectral distribution for a class of random matrices},
   JOURNAL = {J. Multivariate Anal.},
  FJOURNAL = {Journal of Multivariate Analysis},
    VOLUME = {20},
      YEAR = {1986},
    NUMBER = {1},
     PAGES = {50--68},
      ISSN = {0047-259X},
     CODEN = {JMVAAI},
   MRCLASS = {62H10 (60F05)},
  MRNUMBER = {88a:62139},
MRREVIEWER = {M. Hu{\v{s}}kov{\'a}},
}



@Article{Zab92,
    AUTHOR = {Zabell, S. L.},
    TITLE = {Mosco convergence in locally convex spaces},
    JOURNAL = JFA,
    VOLUME = 110,
    YEAR = 1992,
    NUMBER = 1,
    PAGES = {226--246},
}

@incollection {Zab92a,
                                      AUTHOR = {Zabell, S. L.},
                                       TITLE = {Mosco convergence and large deviations},
                                   BOOKTITLE = {Probability in Banach spaces, 8 (Brunswick, ME, 1991)},
                                      SERIES = {Progr. Probab.},
                                      VOLUME = 30,
                                       PAGES = {245--252},
                                   PUBLISHER = {Birkh\"auser Boston},
                                     ADDRESS = {Boston, MA},
                                        YEAR = 1992,
                                     MRCLASS = {60F10 (60B10)},
                                    MRNUMBER = {94g:60055},
                                  MRREVIEWER = {J. Steinebach},
                                  }

@PhdThesis{Zan99,
  author = 	 {M. Zani},
  title = 	 {Grandes d\'eviations pour des fonctionnelles issues de la statistique des processus},
  school = 	 {Universit\'e Paris-Sud},
  year = 	 1999,
  note = 	 {in english},
}

@article{CasGir93,
    AUTHOR = {Casati, G. and Girko, V.},
     TITLE = {Generalized {W}igner law for band random matrices},
   JOURNAL = {Random Oper. Stochastic Equations},
  FJOURNAL = {Random Operators and Stochastic Equations},
    VOLUME = {1},
      YEAR = {1993},
    NUMBER = {3},
     PAGES = {279--286},
      ISSN = {0926-6364},
   MRCLASS = {60F99 (82B05)},
  MRNUMBER = {MR1254409 (94k:60056)},
}

@article{Shl96,
    AUTHOR = {Shlyakhtenko, D.},
     TITLE = {Random {G}aussian band matrices and freeness with
              amalgamation},
   JOURNAL = {Internat. Math. Res. Notices},
  FJOURNAL = {International Mathematics Research Notices},
      YEAR = 1996,
    NUMBER = 20,
     PAGES = {1013--1025},
      ISSN = {1073-7928},
   MRCLASS = {46L50 (60H25 81S25)},
  MRNUMBER = {MR1422374 (97j:46070)},
MRREVIEWER = {Roland Speicher},
}

@incollection{Shl98,
    AUTHOR = {Shlyakhtenko, D.},
     TITLE = {Gaussian random band matrices and operator-valued free
              probability theory},
 BOOKTITLE = {Quantum probability (Gda\'nsk, 1997)},
    SERIES = {Banach Center Publ.},
    VOLUME = 43,
     PAGES = {359--368},
 PUBLISHER = {Polish Acad. Sci.},
   ADDRESS = {Warsaw},
      YEAR = 1998,
   MRCLASS = {46L54 (46L10 60H99)},
  MRNUMBER = {MR1649738 (2000a:46111)},
MRREVIEWER = {Stanis{\l}aw Goldstein},
}

@article{Sil95,
    AUTHOR = {Silverstein, J. W.},
     TITLE = {Strong convergence of the empirical distribution of
              eigenvalues of large-dimensional random matrices},
   JOURNAL = {J. Multivariate Anal.},
  FJOURNAL = {Journal of Multivariate Analysis},
    VOLUME = 55,
      YEAR = 1995,
    NUMBER = 2,
     PAGES = {331--339},
      ISSN = {0047-259X},
   MRCLASS = {60F15 (62H99)},
  MRNUMBER = {96m:60078},
MRREVIEWER = {Zhi-Dong Bai},
}

@article{SinSos98,
    AUTHOR = {Sinai, Ya. and Soshnikov, A.},
     TITLE = {Central limit theorem for traces of large random symmetric
              matrices with independent matrix elements},
   JOURNAL = {Bol. Soc. Brasil. Mat. (N.S.)},
  FJOURNAL = {Boletim da Sociedade Brasileira de Matem\'atica. Nova S\'erie},
    VOLUME = {29},
      YEAR = {1998},
    NUMBER = {1},
     PAGES = {1--24},
      ISSN = {0100-3569},
   MRCLASS = {60F05 (15A52 60F99)},
  MRNUMBER = {MR1620151 (99f:60053)},
MRREVIEWER = {Alexei Khorunzhy},
}

@article{Sos00,
    AUTHOR = {Soshnikov, A.},
     TITLE = {The central limit theorem for local linear statistics in
              classical compact groups and related combinatorial identities},
   JOURNAL = {Ann. Probab.},
  FJOURNAL = {The Annals of Probability},
    VOLUME = {28},
      YEAR = {2000},
    NUMBER = {3},
     PAGES = {1353--1370},
      ISSN = {0091-1798},
     CODEN = {APBYAE},
   MRCLASS = {15A52 (60B15 60F05)},
  MRNUMBER = {MR1797877 (2002f:15035)},
MRREVIEWER = {Boris A. Khoruzhenko},
}


@Article{Tel99,
  author = 	 {Telatar, I.E.},
  title = 	 {Capacity of multi-antenna Gaussian channel},
  journal = 	 {European Transactions on Telecommunications},
  year = 	 1999
}


@incollection{pas-vas-book07, 
    AUTHOR = {Pastur, L. and Vasilchuk, V.},
     TITLE = {On the law of addition of random matrices: covariance and the
              central limit theorem for traces of resolvent},
 BOOKTITLE = {Probability and mathematical physics},
    SERIES = {CRM Proc. Lecture Notes},
    VOLUME = {42},
     PAGES = {399--416},
 PUBLISHER = {Amer. Math. Soc.},
   ADDRESS = {Providence, RI},
      YEAR = {2007},
   MRCLASS = {60F05 (15A52 60E15 82B41)},
  MRNUMBER = {2352281 (2008k:60054)},
MRREVIEWER = {Florent Benaych-Georges},
}

@article{han-jap71, 
    AUTHOR = {Hannan, E. J.},
     TITLE = {Non-linear time series regression},
   JOURNAL = {J. Appl. Probability},
  FJOURNAL = {Journal of Applied Probability},
    VOLUME = {8},
      YEAR = {1971},
     PAGES = {767--780},
      ISSN = {0021-9002},
   MRCLASS = {62M10},
  MRNUMBER = {0295498 (45 \#4564)},
MRREVIEWER = {D. R. Brillinger},
}

@article{han-jap73, 
    AUTHOR = {Hannan, E. J.},
     TITLE = {The estimation of frequency},
   JOURNAL = {J. Appl. Probability},
  FJOURNAL = {Journal of Applied Probability},
    VOLUME = {10},
      YEAR = {1973},
     PAGES = {510--519},
      ISSN = {0021-9002},
   MRCLASS = {62M10},
  MRNUMBER = {0370977 (51 \#7200)},
MRREVIEWER = {Herbert T. Davis},
}


@Article{cib-lou-ser-gia-it02, 
  author = {Ciblat, P. and Loubaton, P. and Serpedin, E. and Giannakis, G.B.},
  title = {Asymptotic analysis of blind cyclic correlation-based symbol-rate 
           estimators}, 
  journal = {IEEE Trans. on Information Theory}, 
  volume  = {48},
  number  = {7}, 
  year    = {2002}, 
  pages   = {1922-1934}
}


@article{sil-choi95, 
    AUTHOR = {Silverstein, Jack W. and Choi, Sang-Il},
     TITLE = {Analysis of the limiting spectral distribution of
              large-dimensional random matrices},
   JOURNAL = {J. Multivariate Anal.},
  FJOURNAL = {Journal of Multivariate Analysis},
    VOLUME = {54},
      YEAR = {1995},
    NUMBER = {2},
     PAGES = {295--309},
      ISSN = {0047-259X},
   MRCLASS = {62H99 (62E20)},
  MRNUMBER = {1345541 (96m:62113)},
MRREVIEWER = {Franz Streit},
       DOI = {10.1006/jmva.1995.1058},
       URL = {http://dx.doi.org/10.1006/jmva.1995.1058},
}

@article{mes-it08, 
    AUTHOR = {Mestre, Xavier},
     TITLE = {Improved estimation of eigenvalues and eigenvectors of
              covariance matrices using their sample estimates},
   JOURNAL = {IEEE Trans. Inform. Theory},
  FJOURNAL = {Institute of Electrical and Electronics Engineers.
              Transactions on Information Theory},
    VOLUME = {54},
      YEAR = {2008},
    NUMBER = {11},
     PAGES = {5113--5129},
      ISSN = {0018-9448},
     CODEN = {IETTAW},
   MRCLASS = {62H15 (15A18 15B52)},
  MRNUMBER = {2589886 (2010h:62174)},
       DOI = {10.1109/TIT.2008.929938},
       URL = {http://dx.doi.org/10.1109/TIT.2008.929938},
}

@article{mes-sp08, 
    AUTHOR = {Mestre, Xavier},
     TITLE = {On the asymptotic behavior of the sample estimates of
              eigenvalues and eigenvectors of covariance matrices},
   JOURNAL = {IEEE Trans. Signal Process.},
  FJOURNAL = {IEEE Transactions on Signal Processing},
    VOLUME = {56},
      YEAR = {2008},
    NUMBER = {11},
     PAGES = {5353--5368},
      ISSN = {1053-587X},
     CODEN = {ITPRED},
   MRCLASS = {62H12 (15A18 62F12 94A20)},
  MRNUMBER = {2472837 (2010a:62179)},
MRREVIEWER = {Xiaoyong Wu},
       DOI = {10.1109/TSP.2008.929662},
       URL = {http://dx.doi.org/10.1109/TSP.2008.929662},
}

@article{att-79, 
year={1979},
issn={0373-3114},
journal={Ann. Mat. Pura Appl.},
volume={120},
number={1},
doi={10.1007/BF02411939},
title={Familles d'op\'erateurs maximaux monotones et mesurabilit\'e},
url={http://dx.doi.org/10.1007/BF02411939},
publisher={Springer-Verlag},
author={Attouch, H.},
pages={35-111},
language={French}
}

@book{cas-val77, 
    AUTHOR = {Castaing, C. and Valadier, M.},
     TITLE = {Convex analysis and measurable multifunctions},
    SERIES = {Lecture Notes in Mathematics, Vol. 580},
 PUBLISHER = {Springer-Verlag, Berlin-New York},
      YEAR = {1977},
     PAGES = {vii+278},
   MRCLASS = {46G99 (26A51 28A05 49A50 54C60)},
  MRNUMBER = {0467310},
MRREVIEWER = {Vladimir L. Levin},
}

@book{bre-livre73, 
      author        = "Br\'ezis, H.",
      title         = "{Op\'erateurs maximaux monotones et semi-groupes de
                       contractions dans les espaces de Hilbert}",
      publisher     = "Elsevier Science",
      address       = "Burlington, MA",
      series        = "North-Holland mathematics studies",
      year          = "1973",
      url           = "http://cds.cern.ch/record/1663074",
}

@article{hia-um-77, 

title = "Integrals, conditional expectations, and martingales of multivalued functions ",
journal = "J. Multivar. Anal.",
volume = "7",
number = "1",
pages = "149 - 182",
year = "1977",
note = "",
issn = "0047-259X",
doi = "http://dx.doi.org/10.1016/0047-259X(77)90037-9",
url = "http://www.sciencedirect.com/science/article/pii/0047259X77900379",
author = "F. Hiai and H. Umegaki",
keywords = "Multivalued functions",
keywords = "Measurable selections",
keywords = "Integral functionals",
keywords = "Decomposability",
keywords = "Hausdorff metric",
keywords = "Integrable boundedness",
keywords = "Radon-Nikodym property",
keywords = "Multivalued conditional expectations",
keywords = "Multivalued martingales "
}

@article{aum-65, 
    AUTHOR = {Aumann, R. J.},
     TITLE = {Integrals of set-valued functions},
   JOURNAL = {J. Math. Anal. Appl.},
  FJOURNAL = {Journal of Mathematical Analysis and Applications},
    VOLUME = {12},
      YEAR = {1965},
     PAGES = {1--12},
      ISSN = {0022-247x},
   MRCLASS = {30.50},
  MRNUMBER = {0185073 (32 \#2543)},
MRREVIEWER = {Z. Pop-Stojanovi{\'c}},
}

@book{aub-fra-90, 
    AUTHOR = {Aubin, J.-P. and Frankowska, H.},
     TITLE = {Set-valued analysis},
    SERIES = {Modern Birkh\"auser Classics},
      NOTE = {Reprint of the 1990 edition},
 PUBLISHER = {Birkh\"auser Boston, Inc., Boston, MA},
      YEAR = {2009},
     PAGES = {xx+461},
      ISBN = {978-0-8176-4847-3},
   MRCLASS = {49-02 (28-02 46-02 47H04 47J05 49J52 49J53 58C06)},
  MRNUMBER = {2458436},
       DOI = {10.1007/978-0-8176-4848-0},
       URL = {http://dx.doi.org/10.1007/978-0-8176-4848-0},
}

@book{hu-these-77, 
    AUTHOR = {Hiriart-Urruty, J.-B.},
     TITLE = {Contributions \`a la programmation math\'ematique: cas
              d\'eterministe et stochastique},
      NOTE = {Th{\`e}se pr{\'e}sent{\'e}e {\`a} l'Universit{\'e} de
              Clermont-Ferrand II pour obtenir le grade de Docteur {\`e}s
              Sciences Math{\'e}matiques,
              S{\'e}rie E, No. 247},
 PUBLISHER = {Universit\'e de Clermont-Ferrand II, Clermont-Ferrand},
      YEAR = {1977},
     PAGES = {ix+398 pp. (not consecutively paged)},
   MRCLASS = {90C15},
  MRNUMBER = {0489877 (58 \#9249)},
MRREVIEWER = {I. M. Stancu-Minasian},
}

@article{wal-wet-69, 
    AUTHOR = {Walkup, D. W. and Wets, R. J.-B.},
     TITLE = {Stochastic programs with recourse. {II}: {O}n the continuity
              of the objective},
   JOURNAL = {SIAM J. Appl. Math.},
  FJOURNAL = {SIAM Journal on Applied Mathematics},
    VOLUME = {17},
      YEAR = {1969},
     PAGES = {98--103},
      ISSN = {0036-1399},
   MRCLASS = {90.57},
  MRNUMBER = {0246638 (39 \#7942)},
MRREVIEWER = {B. Bereanu},
}

@article{roc-69(mes), 
    AUTHOR = {Rockafellar, R. T.},
     TITLE = {Measurable dependence of convex sets and functions on
              parameters},
   JOURNAL = {J. Math. Anal. Appl.},
  FJOURNAL = {Journal of Mathematical Analysis and Applications},
    VOLUME = {28},
      YEAR = {1969},
     PAGES = {4--25},
      ISSN = {0022-247x},
   MRCLASS = {28.20},
  MRNUMBER = {0247019 (40 \#288)},
MRREVIEWER = {G. Freilich},
} 

@book{roc-wets-livre98, 
    AUTHOR = {Rockafellar, R. T. and Wets, R. J.-B.},
     TITLE = {Variational analysis},
    SERIES = {Grundlehren der Mathematischen Wissenschaften [Fundamental
              Principles of Mathematical Sciences]},
    VOLUME = {317},
 PUBLISHER = {Springer-Verlag, Berlin},
      YEAR = {1998},
     PAGES = {xiv+733},
      ISBN = {3-540-62772-3},
   MRCLASS = {49-02 (46N10 47N10 49J52 49K40 90C30)},
  MRNUMBER = {1491362 (98m:49001)},
MRREVIEWER = {Francis H. Clarke},
       DOI = {10.1007/978-3-642-02431-3},
       URL = {http://dx.doi.org/10.1007/978-3-642-02431-3},
}

@article{roc-wet-82, 
    AUTHOR = {Rockafellar, R. T. and Wets, R. J.-B.},
     TITLE = {On the interchange of subdifferentiation and conditional
              expectations for convex functionals},
   JOURNAL = {Stochastics},
  FJOURNAL = {Stochastics},
    VOLUME = {7},
      YEAR = {1982},
    NUMBER = {3},
     PAGES = {173--182},
      ISSN = {0090-9491},
     CODEN = {STOCB2},
   MRCLASS = {49B60},
  MRNUMBER = {667309 (83j:49022)},
MRREVIEWER = {Pierre-Louis Lions},
       DOI = {10.1080/17442508208833217},
       URL = {http://dx.doi.org/10.1080/17442508208833217},
} 

@book {bau-com-livre11, 
    AUTHOR = {Bauschke, H. H. and Combettes, P. L.},
     TITLE = {Convex analysis and monotone operator theory in {H}ilbert
              spaces},
    SERIES = {CMS Books in Mathematics/Ouvrages de Math\'ematiques de la
              SMC},
 PUBLISHER = {Springer},
   ADDRESS = {New York},
      YEAR = {2011},
     PAGES = {xvi+468},
      ISBN = {978-1-4419-9466-0},
   MRCLASS = {49-02 (41A65 46B20 46C05 47H05 90C25 90C30 90C48)},
  MRNUMBER = {2798533 (2012h:49001)},
MRREVIEWER = {Simeon Reich},
       DOI = {10.1007/978-1-4419-9467-7},
       URL = {http://dx.doi.org/10.1007/978-1-4419-9467-7},
}

@article{pey-sor-10, 
    AUTHOR = {Peypouquet, J. and Sorin, S.},
     TITLE = {Evolution equations for maximal monotone operators: asymptotic
              analysis in continuous and discrete time},
   JOURNAL = {J. Convex Anal.},
  FJOURNAL = {Journal of Convex Analysis},
    VOLUME = {17},
      YEAR = {2010},
    NUMBER = {3-4},
     PAGES = {1113--1163},
      ISSN = {0944-6532},
   MRCLASS = {47J35 (34A60 34G10 47H05)},
  MRNUMBER = {2731260 (2011k:47175)},
MRREVIEWER = {Teresa Winiarska},
} 

@book{aub-cel-(livre)84, 
    AUTHOR = {Aubin, J.-P. and Cellina, A.},
     TITLE = {Differential inclusions},
    SERIES = {Grundlehren der Mathematischen Wissenschaften [Fundamental
              Principles of Mathematical Sciences]},
    VOLUME = {264},
      NOTE = {Set-valued maps and viability theory},
 PUBLISHER = {Springer-Verlag, Berlin},
      YEAR = {1984},
     PAGES = {xiii+342},
      ISBN = {3-540-13105-1},
   MRCLASS = {49A50 (34A60 49E10)},
  MRNUMBER = {755330 (85j:49010)},
MRREVIEWER = {S. Raczy{\'n}ski},
       DOI = {10.1007/978-3-642-69512-4},
       URL = {http://dx.doi.org/10.1007/978-3-642-69512-4},
}

@article{glowinski1975approximation,
  title={Sur l'approximation, par {\'e}l{\'e}ments finis d'ordre un, et la r{\'e}solution, par p{\'e}nalisation-dualit{\'e} d'une classe de probl{\`e}mes de Dirichlet non lin{\'e}aires},
  author={Glowinski, R. and Marroco, A.},
  journal={Revue fran{\c{c}}aise d'automatique, informatique, recherche op{\'e}rationnelle. Analyse num{\'e}rique},
  volume={9},
  number={R2},
  pages={41--76},
  year={1975},
  publisher={EDP Sciences}
}

@article{chambolle2011first,
  title={A first-order primal-dual algorithm for convex problems with applications to imaging},
  author={Chambolle, A. and Pock, T.},
  journal={J. Math. Imaging Vision},
  volume={40},
  number={1},
  pages={120--145},
  year={2011},
  publisher={Springer}
}


@article{vu2013splitting,
  title={A splitting algorithm for dual monotone inclusions involving cocoercive operators},
  author={V{\~u}, B. C.},
  journal={Adv. Appl. Math.},
  volume={38},
  number={3},
  pages={667--681},
  year={2013},
  publisher={Springer}
}




@article{ben-hof-sor-05, 
    AUTHOR = {Bena{\"{\i}}m, M. and Hofbauer, J. and Sorin, S.},
     TITLE = {Stochastic approximations and differential inclusions},
   JOURNAL = {SIAM J. Control Optim.},
  FJOURNAL = {SIAM Journal on Control and Optimization},
    VOLUME = {44},
      YEAR = {2005},
    NUMBER = {1},
     PAGES = {328--348 (electronic)},
      ISSN = {0363-0129},
   MRCLASS = {62L20 (34A60 37N35 62P20 91A22 91A26 93E35)},
  MRNUMBER = {2177159 (2006h:62078)},
MRREVIEWER = {Rainer Schwabe},
       DOI = {10.1137/S0363012904439301},
       URL = {http://dx.doi.org/10.1137/S0363012904439301},
}

@incollection{ben-(cours)99, 
    AUTHOR = {Bena{\"{\i}}m, M.},
     TITLE = {Dynamics of stochastic approximation algorithms},
 BOOKTITLE = {S\'eminaire de {P}robabilit\'es, {XXXIII}},
    SERIES = {Lecture Notes in Math.},
    VOLUME = {1709},
     PAGES = {1--68},
 PUBLISHER = {Springer, Berlin},
      YEAR = {1999},
   MRCLASS = {62L20 (37B99 37H99 60C05 60G99)},
  MRNUMBER = {1767993 (2001d:62081)},
       DOI = {10.1007/BFb0096509},
       URL = {http://dx.doi.org/10.1007/BFb0096509},
}

@article{bru-75, 
    AUTHOR = {Bruck, Jr., R. E.},
     TITLE = {Asymptotic convergence of nonlinear contraction semigroups in
              {H}ilbert space},
   JOURNAL = {J. Funct. Anal.},
  FJOURNAL = {Journal of Functional Analysis},
    VOLUME = {18},
      YEAR = {1975},
     PAGES = {15--26},
      ISSN = {0022-1236},
   MRCLASS = {47H05 (46G05)},
  MRNUMBER = {0377609 (51 \#13780)},
MRREVIEWER = {A. Pazy},
}

@article{ben-hir-96, 
    AUTHOR = {Bena{\"{\i}}m, M. and Hirsch, M. W.},
     TITLE = {Asymptotic pseudotrajectories and chain recurrent flows, with
              applications},
   JOURNAL = {J. Dynam. Differential Equations},
  FJOURNAL = {Journal of Dynamics and Differential Equations},
    VOLUME = {8},
      YEAR = {1996},
    NUMBER = {1},
     PAGES = {141--176},
      ISSN = {1040-7294},
     CODEN = {JDDEEH},
   MRCLASS = {58F25 (34D05)},
  MRNUMBER = {1388167 (97d:58165)},
MRREVIEWER = {Lev Lerman},
       DOI = {10.1007/BF02218617},
       URL = {http://dx.doi.org/10.1007/BF02218617},
}

@article{paz-78, 
    AUTHOR = {Pazy, A.},
     TITLE = {On the asymptotic behavior of semigroups of nonlinear
              contractions in {H}ilbert space},
   JOURNAL = {J. Functional Analysis},
    VOLUME = {27},
      YEAR = {1978},
    NUMBER = {3},
     PAGES = {292--307},
   MRCLASS = {47H99},
  MRNUMBER = {0477932 (57 \#17432)},
MRREVIEWER = {Marshall Slemrod},
}

@book{duf-livre97, 
    AUTHOR = {Duflo, M.},
     TITLE = {Random iterative models},
    SERIES = {Applications of Mathematics (New York)},
    VOLUME = {34},
 PUBLISHER = {Springer-Verlag, Berlin},
      YEAR = {1997},
     PAGES = {xviii+385},
      ISBN = {3-540-57100-0},
   MRCLASS = {62M10 (60J10 62L20 68T05 93-02 93E03)},
  MRNUMBER = {1485774 (98m:62239)},
       DOI = {10.1007/978-3-662-12880-0},
       URL = {http://dx.doi.org/10.1007/978-3-662-12880-0},
}

@article{wan-ber-15, 
    AUTHOR = {Wang, M. and Bertsekas, D. P.},
     TITLE = {Incremental constraint projection methods for variational
              inequalities},
   JOURNAL = {Math. Program.},
  FJOURNAL = {Mathematical Programming. A Publication of the Mathematical
              Optimization Society},
    VOLUME = {150},
      YEAR = {2015},
    NUMBER = {2, Ser. A},
     PAGES = {321--363},
      ISSN = {0025-5610},
   MRCLASS = {65K15 (62L20 68W27 90C33)},
  MRNUMBER = {3323620},
       DOI = {10.1007/s10107-014-0769-x},
       URL = {http://dx.doi.org/10.1007/s10107-014-0769-x},
}

@book{kin-sta-(livre)00, 
    AUTHOR = {Kinderlehrer, D. and Stampacchia, G.},
     TITLE = {An introduction to variational inequalities and their
              applications},
    SERIES = {Classics in Applied Mathematics},
    VOLUME = {31},
      NOTE = {Reprint of the 1980 original},
 PUBLISHER = {Society for Industrial and Applied Mathematics (SIAM),
              Philadelphia, PA},
      YEAR = {2000},
     PAGES = {xx+313},
      ISBN = {0-89871-466-4},
   MRCLASS = {49-02 (35J85 35R35 47J20 49-01 49J40)},
  MRNUMBER = {1786735 (2002d:49001)},
MRREVIEWER = {John M. Ball},
       DOI = {10.1137/1.9780898719451},
       URL = {http://dx.doi.org/10.1137/1.9780898719451},
}

@book{mer-(livre)79, 
    AUTHOR = {Mercier, B.},
     TITLE = {Lectures on topics in finite element solution of elliptic
              problems},
    SERIES = {Tata Institute of Fundamental Research Lectures on Mathematics
              and Physics},
    VOLUME = {63},
      NOTE = {With notes by G. Vijayasundaram},
 PUBLISHER = {Tata Institute of Fundamental Research, Bombay},
      YEAR = {1979},
     PAGES = {v+191},
      ISBN = {3-540-09543-8},
   MRCLASS = {65N30},
  MRNUMBER = {576929 (82e:65112)},
MRREVIEWER = {J. D. Atkinson},
}

@article{lio-mer-79, 
    AUTHOR = {Lions, P.-L. and Mercier, B.},
     TITLE = {Splitting algorithms for the sum of two nonlinear operators},
   JOURNAL = {SIAM J. Numer. Anal.},
  FJOURNAL = {SIAM Journal on Numerical Analysis},
    VOLUME = {16},
      YEAR = {1979},
    NUMBER = {6},
     PAGES = {964--979},
      ISSN = {0036-1429},
     CODEN = {SJNAAM},
   MRCLASS = {47H17 (35K55 35R35 49D25 65J15)},
  MRNUMBER = {551319 (81g:47070)},
MRREVIEWER = {D. Pascali},
       DOI = {10.1137/0716071},
       URL = {http://dx.doi.org/10.1137/0716071},
}

@article{ber-11, 
    AUTHOR = {Bertsekas, D. P.},
     TITLE = {Incremental proximal methods for large scale convex
              optimization},
   JOURNAL = {Math. Program.},
  FJOURNAL = {Mathematical Programming. A Publication of the Mathematical
              Programming Society},
    VOLUME = {129},
      YEAR = {2011},
    NUMBER = {2, Ser. B},
     PAGES = {163--195},
      ISSN = {0025-5610},
   MRCLASS = {90C30 (90C52)},
  MRNUMBER = {2837879 (2012m:90183)},
MRREVIEWER = {Yonghong Yao},
       DOI = {10.1007/s10107-011-0472-0},
       URL = {http://dx.doi.org/10.1007/s10107-011-0472-0},
}

@techreport{wan-ber-(techreport)13, 
  title={Incremental constraint projection-proximal methods for nonsmooth convex optimization},
  author={Wang, M. and Bertsekas, D. P},
  year={2013},
  institution={Massachusetts Institute of Technology} 
}

@article{ned-11, 
    AUTHOR = {Nedi{\'c}, A.},
     TITLE = {Random algorithms for convex minimization problems},
   JOURNAL = {Math. Program.},
  FJOURNAL = {Mathematical Programming. A Publication of the Mathematical
              Programming Society},
    VOLUME = {129},
      YEAR = {2011},
    NUMBER = {2, Ser. B},
     PAGES = {225--253},
      ISSN = {0025-5610},
   MRCLASS = {90C25 (90C15 90C34)},
  MRNUMBER = {2837881 (2012g:90149)},
MRREVIEWER = {Teemu Pennanen},
       DOI = {10.1007/s10107-011-0468-9},
       URL = {http://dx.doi.org/10.1007/s10107-011-0468-9},
}

@ARTICLE{tou-tra-air-(arxiv)15, 
   author = {{Toulis}, P. and {Tran}, D. and {Airoldi}, E.~M.},
    title = "{Stability and optimality in stochastic gradient descent}",
  journal = {ArXiv e-prints, 1505.02417},
archivePrefix = "arXiv",
   eprint = {1505.02417},
 primaryClass = "stat.ME",
 keywords = {Statistics - Methodology, Computer Science - Learning, Statistics - Computation, Statistics - Machine Learning},
     year = 2015,
    month = may,
   adsurl = {http://adsabs.harvard.edu/abs/2015arXiv150502417T},
  adsnote = {Provided by the SAO/NASA Astrophysics Data System}
}

@book{kus-yin-(livre)03, 
    AUTHOR = {Kushner, H. J. and Yin, G. G.},
     TITLE = {Stochastic approximation and recursive algorithms and
              applications},
    SERIES = {Applications of Mathematics (New York)},
    VOLUME = {35},
   EDITION = {Second},
      NOTE = {Stochastic Modelling and Applied Probability},
 PUBLISHER = {Springer-Verlag, New York},
      YEAR = {2003},
     PAGES = {xxii+474},
      ISBN = {0-387-00894-2},
   MRCLASS = {62-02 (62L20 93E25)},
  MRNUMBER = {1993642 (2004e:62005)},
}

@ARTICLE{lee-ned-13, 
author={Lee, S. and Nedic, A.},
journal={Selected Topics in Signal Processing, IEEE Journal of},
title={Distributed Random Projection Algorithm for Convex Optimization},
year={2013},
month={April},
volume={7},
number={2},
pages={221-229},
keywords={ad hoc networks;convex programming;multi-agent systems;support vector machines;telecommunication computing;time-varying networks;constrained optimization;convex optimization;distributed random projection algorithm;distributed support vector machines;multiple agents;optimal set;time-varying network;Algorithm design and analysis;Convergence;Convex functions;Optimization;Projection algorithms;Random variables;Vectors;Asynchronous algorithms;distributed convex optimization;distributed multi-agent system;random gossip network},
doi={10.1109/JSTSP.2013.2247023},
ISSN={1932-4553},}

@ARTICLE{atc-for-mou-14, 
   author = {{Atchade}, Y.~F. and {Fort}, G. and {Moulines}, E.},
    title = {On stochastic proximal gradient algorithms},
  journal = {ArXiv e-prints, 1402.2365},
archivePrefix = "arXiv",
   eprint = {1402.2365},
 primaryClass = "math.ST",
 keywords = {Mathematics - Statistics Theory, Mathematics - Optimization and Control, 60F15, 60G42},
     year = 2014,
    month = feb,
   adsurl = {http://adsabs.harvard.edu/abs/2014arXiv1402.2365A},
  adsnote = {Provided by the SAO/NASA Astrophysics Data System}
}

@article{atc-for-mou-17,
  title={On perturbed proximal gradient algorithms},
  author={Atchad{\'e}, Y. F and Fort, G. and Moulines, E.},
  journal={J. Mach. Learn. Res.},
  volume={18},
  number={1},
  pages={310--342},
  year={2017}
}



@inproceedings{fort2018stochastic,
  title={Stochastic Fista Algorithms: So Fast?},
  author={Fort, G. and Risser, L. and Atchad{\'e}, Y. F. and Moulines, E.},
  booktitle={SSP 2018},
  pages={796--800},
  year={2018},
  organization={IEEE}
}

@inproceedings{nesterov1983method,
  title={A method for solving the convex programming problem with convergence rate $1/k^2$},
  author={Nesterov, Y. E},
  booktitle={Dokl. Akad. Nauk SSSR},
  volume={269},
  pages={543--547},
  year={1983}
}

@article{beck2009fast,
  title={A fast iterative shrinkage-thresholding algorithm for linear inverse problems},
  author={Beck, A. and Teboulle, M.},
  journal={SIAM journal on imaging sciences},
  volume={2},
  number={1},
  pages={183--202},
  year={2009},
  publisher={SIAM}
}


@inproceedings{agarwal2009information,
  title={Information-theoretic lower bounds on the oracle complexity of convex optimization},
  author={Agarwal, A. and Wainwright, M. J and Bartlett, P. L and Ravikumar, P. K},
  booktitle={NIPS},
  pages={1--9},
  year={2009}
}

@article{nemirovsky1983problem,
  title={Problem complexity and method efficiency in optimization},
  author={Nemirovsky, A. S. and Yudin, D. B.},
  year={1983}
}

@book{nesterov2013introductory,
  title={Introductory lectures on convex optimization: A basic course},
  author={Nesterov, Y. E},
  volume={87},
  year={2013},
  publisher={Springer Science \& Business Media}
}



@article{bubeck2015geometric,
  title={A geometric alternative to Nesterov's accelerated gradient descent},
  author={Bubeck, S. and Lee, Y. T. and Singh, M.},
  journal={arXiv preprint arXiv:1506.08187},
  year={2015}
}

@article{scieur2017integration,
  title={Integration methods and accelerated optimization algorithms},
  author={Scieur, D. and Roulet, V. and Bach, F. and d'Aspremont, A.},
  journal={arXiv preprint arXiv:1702.06751},
  year={2017}
}


@article{polyak1992acceleration,
  title={Acceleration of stochastic approximation by averaging},
  author={Polyak, Boris T and Juditsky, Anatoli B},
  journal={SIAM Journal on Control and Optimization},
  volume={30},
  number={4},
  pages={838--855},
  year={1992},
  publisher={SIAM}
}

@techreport{ruppert1988efficient,
  title={Efficient estimations from a slowly convergent Robbins-Monro process},
  author={Ruppert, David},
  year={1988},
  institution={Cornell University Operations Research and Industrial Engineering}
}




@article{arjevani2015lower,
  title={On lower and upper bounds for smooth and strongly convex optimization problems},
  author={Arjevani, Yossi and Shalev-Shwartz, Shai and Shamir, Ohad},
  journal={arXiv preprint arXiv:1503.06833},
  year={2015}
}

@article{allen2014linear,
  title={Linear coupling: An ultimate unification of gradient and mirror descent},
  author={Allen-Zhu, Zeyuan and Orecchia, Lorenzo},
  journal={arXiv preprint arXiv:1407.1537},
  year={2014}
}

@inproceedings{su2014differential,
  title={A differential equation for modeling Nesterov‚Äôs accelerated gradient method: Theory and insights},
  author={Su, W. and Boyd, S. and Candes, E.},
  booktitle={NIPS},
  pages={2510--2518},
  year={2014}
}

@article{wibisono2016variational,
  title={A variational perspective on accelerated methods in optimization},
  author={Wibisono, A. and Wilson, A. C. and Jordan, M. I},
  journal={Proceedings of the National Academy of Sciences},
  volume={113},
  number={47},
  pages={E7351--E7358},
  year={2016},
  publisher={National Acad Sciences}
}


@article{attouch2018convergence,
  title={Convergence rates of inertial forward-backward algorithms},
  author={Attouch, Hedy and Cabot, Alexandre},
  journal={SIAM Journal on Optimization},
  volume={28},
  number={1},
  pages={849--874},
  year={2018},
  publisher={SIAM}
}


@article{attouch2014dynamical,
  title={A dynamical approach to an inertial forward-backward algorithm for convex minimization},
  author={Attouch, H{\'e}dy and Peypouquet, Juan and Redont, Patrick},
  journal={SIAM Journal on Optimization},
  volume={24},
  number={1},
  pages={232--256},
  year={2014},
  publisher={SIAM}
}

@article{attouch2018combining,
  title={Combining fast inertial dynamics for convex optimization with Tikhonov regularization},
  author={Attouch, H. and Chbani, Z. and Riahi, H.},
  journal={Journal of Mathematical Analysis and Applications},
  volume={457},
  number={2},
  pages={1065--1094},
  year={2018},
  publisher={Elsevier}
}

@article{attouch2016rate,
  title={The Rate of Convergence of Nesterov's Accelerated Forward-Backward Method is Actually Faster Than $1/k^2$},
  author={Attouch, H. and Peypouquet, J.},
  journal={SIAM Journal on Optimization},
  volume={26},
  number={3},
  pages={1824--1834},
  year={2016},
  publisher={SIAM}
}


@article{attouch2018fast,
  title={Fast convergence of inertial dynamics and algorithms with asymptotic vanishing viscosity},
  author={Attouch, H. and Chbani, Z. and Peypouquet, J. and Redont, P.},
  journal={Mathematical Programming},
  volume={168},
  number={1-2},
  pages={123--175},
  year={2018},
  publisher={Springer}
}




@article{bianchi2013performance,
  title={Performance of a distributed stochastic approximation algorithm},
  author={Bianchi, P. and Fort, G. and Hachem, W.},
  journal={IEEE Trans. Inf. Theory},
  volume={59},
  number={11},
  pages={7405--7418},
  year={2013},
  publisher={}
}




@article{ben-sch-00, 
    AUTHOR = {Bena{\"{\i}}m, M. and Schreiber, S. J.},
     TITLE = {Ergodic properties of weak asymptotic pseudotrajectories for
              semiflows},
   JOURNAL = {J. Dynam. Differential Equations},
  FJOURNAL = {Journal of Dynamics and Differential Equations},
    VOLUME = {12},
      YEAR = {2000},
    NUMBER = {3},
     PAGES = {579--598},
      ISSN = {1040-7294},
     CODEN = {JDDEEH},
   MRCLASS = {37H99 (37A99 37M25)},
  MRNUMBER = {1800134 (2002a:37083)},
MRREVIEWER = {Gunter Ochs},
       DOI = {10.1023/A:1026463628355},
       URL = {http://dx.doi.org/10.1023/A:1026463628355},
}

@article{bai-bre-76, 
    AUTHOR = {Baillon, J. B. and Br{\'e}zis, H.},
     TITLE = {Une remarque sur le comportement asymptotique des semigroupes
              non lin\'eaires},
   JOURNAL = {Houston J. Math.},
  FJOURNAL = {Houston Journal of Mathematics},
    VOLUME = {2},
      YEAR = {1976},
    NUMBER = {1},
     PAGES = {5--7},
      ISSN = {0362-1588},
   MRCLASS = {47H10},
  MRNUMBER = {0394328 (52 \#15131)},
MRREVIEWER = {Bruce Calvert},
}

@article{pas-79, 
    AUTHOR = {Passty, G. B.},
     TITLE = {Ergodic convergence to a zero of the sum of monotone operators
              in {H}ilbert space},
   JOURNAL = {J. Math. Anal. Appl.},
  FJOURNAL = {Journal of Mathematical Analysis and Applications},
    VOLUME = {72},
      YEAR = {1979},
    NUMBER = {2},
     PAGES = {383--390},
      ISSN = {0022-247X},
     CODEN = {JMANAK},
   MRCLASS = {47H05 (49A29)},
  MRNUMBER = {559375 (81c:47054)},
MRREVIEWER = {R. A. Plastock},
       DOI = {10.1016/0022-247X(79)90234-8},
       URL = {http://dx.doi.org/10.1016/0022-247X(79)90234-8},
}

@article{moreau1965fonctions,
  title={Fonctions convexes duales et points proximaux dans un espace {H}ilbertien},
  author={Moreau, J.},
  journal={CR Acad. Sci. Paris Ser. A Math.},
  volume={255},
  pages={2897--2899},
  year={1965}
}

@article{yosida1967functional,
  title={Functional Analysis, Berlin, 1965},
  author={Yosida, K.},
  journal={Google Scholar},
  pages={126},
  year={1967}
}


@article{alv-pey-09, 
    AUTHOR = {Alvarez, F. and Peypouquet, J.},
     TITLE = {Asymptotic equivalence and {K}obayashi-type estimates for
              nonautonomous monotone operators in {B}anach spaces},
   JOURNAL = {Discrete Contin. Dyn. Syst.},
  FJOURNAL = {Discrete and Continuous Dynamical Systems. Series A},
    VOLUME = {25},
      YEAR = {2009},
    NUMBER = {4},
     PAGES = {1109--1128},
      ISSN = {1078-0947},
   MRCLASS = {47H05 (34A60 49M25)},
  MRNUMBER = {2552130},
MRREVIEWER = {Sergiy Nesenenko},
       DOI = {10.3934/dcds.2009.25.1109},
       URL = {http://dx.doi.org/10.3934/dcds.2009.25.1109},
}

@article{alv-pey-11, 
    AUTHOR = {{\'A}lvarez, F. and Peypouquet, J.},
     TITLE = {A unified approach to the asymptotic almost-equivalence of
              evolution systems without {L}ipschitz conditions},
   JOURNAL = {Nonlinear Anal.},
  FJOURNAL = {Nonlinear Analysis. Theory, Methods \& Applications. An
              International Multidisciplinary Journal. Series A: Theory and
              Methods},
    VOLUME = {74},
      YEAR = {2011},
    NUMBER = {11},
     PAGES = {3440--3444},
      ISSN = {0362-546X},
     CODEN = {NOANDD},
   MRCLASS = {34G25 (37L05 47H20 47J35)},
  MRNUMBER = {2803071},
MRREVIEWER = {Behzad Djafari-Rouhani},
       DOI = {10.1016/j.na.2011.02.030},
       URL = {http://dx.doi.org/10.1016/j.na.2011.02.030},
}

@article {for-pag-99, 
    AUTHOR = {Fort, J.-C. and Pag{\`e}s, G.},
     TITLE = {Asymptotic behavior of a {M}arkovian stochastic algorithm with
              constant step},
   JOURNAL = {SIAM J. Control Optim.},
  FJOURNAL = {SIAM Journal on Control and Optimization},
    VOLUME = {37},
      YEAR = {1999},
    NUMBER = {5},
     PAGES = {1456--1482 (electronic)},
      ISSN = {0363-0129},
   MRCLASS = {62L20 (60J27)},
  MRNUMBER = {1710228},
MRREVIEWER = {Michel Bena{\"{\i}}m},
       DOI = {10.1137/S0363012997328610},
       URL = {http://dx.doi.org/10.1137/S0363012997328610},
}

@book{bil-(livre)99, 
    AUTHOR = {Billingsley, P.},
     TITLE = {Convergence of probability measures},
    SERIES = {Wiley Series in Probability and Statistics: Probability and
              Statistics},
   EDITION = {Second},
      NOTE = {A Wiley-Interscience Publication},
 PUBLISHER = {John Wiley \& Sons, Inc., New York},
      YEAR = {1999},
     PAGES = {x+277},
      ISBN = {0-471-19745-9},
   MRCLASS = {60B10 (28A33 60F17)},
  MRNUMBER = {1700749},
       DOI = {10.1002/9780470316962},
       URL = {http://dx.doi.org/10.1002/9780470316962},

}

@book{devries93, 
    AUTHOR = {de Vries, J.},
     TITLE = {Elements of topological dynamics},
    SERIES = {Mathematics and its Applications},
    VOLUME = {257},
 PUBLISHER = {Kluwer Academic Publishers Group, Dordrecht},
      YEAR = {1993},
     PAGES = {xvi+748},
      ISBN = {0-7923-2287-8},
   MRCLASS = {54H20 (34C35)},
  MRNUMBER = {1249063},
MRREVIEWER = {W. R. Utz},
       DOI = {10.1007/978-94-015-8171-4},
       URL = {http://dx.doi.org/10.1007/978-94-015-8171-4},
}

@Inbook{hir-76, 
author={Hiriart-Urruty, J.-B.},  
title="About properties of the mean value functional and of the continuous 
       infimal convolution in stochastic convex analysis",
bookTitle="Optimization Techniques Modeling and Optimization in the Service 
           of Man Part 2: Proceedings, 7th IFIP Conference Nice, 
            September 8--12, 1975",
year="1976",
publisher="Springer Berlin Heidelberg",
address="Berlin, Heidelberg",
pages="763--789",
isbn="978-3-540-38150-1",
doi="10.1007/3-540-07623-9_324",
url="http://dx.doi.org/10.1007/3-540-07623-9_324"
}

@article{pap-97, 
    AUTHOR = {Papageorgiou, N. S.},
     TITLE = {Convex integral functionals},
   JOURNAL = {Trans. Amer. Math. Soc.},
  FJOURNAL = {Transactions of the American Mathematical Society},
    VOLUME = {349},
      YEAR = {1997},
    NUMBER = {4},
     PAGES = {1421--1436},
      ISSN = {0002-9947},
     CODEN = {TAMTAM},
   MRCLASS = {49J52 (47N10 49N15)},
  MRNUMBER = {1321585},
MRREVIEWER = {Lionel Thibault},
       DOI = {10.1090/S0002-9947-97-01478-5},
       URL = {http://dx.doi.org/10.1090/S0002-9947-97-01478-5},
}

@book{bor-lew-livre06, 
    AUTHOR = {Borwein, J. M. and Lewis, A. S.},
     TITLE = {Convex analysis and nonlinear optimization},
    SERIES = {CMS Books in Mathematics/Ouvrages de Math\'ematiques de la
              SMC, 3},
   EDITION = {Second},
      NOTE = {Theory and examples},
 PUBLISHER = {Springer, New York},
      YEAR = {2006},
     PAGES = {xii+310},
      ISBN = {978-0387-29570-1; 0-387-29570-4},
   MRCLASS = {49-01 (46N10 47N10 49-02 49J53 90-01)},
  MRNUMBER = {2184742},
       DOI = {10.1007/978-0-387-31256-9},
       URL = {http://dx.doi.org/10.1007/978-0-387-31256-9},
}

@article{con-jota13,
    AUTHOR = {Condat, L.},
     TITLE = {A primal-dual splitting method for convex optimization
              involving {L}ipschitzian, proximable and linear composite
              terms},
   JOURNAL = {J. Optim. Theory Appl.},
  FJOURNAL = {Journal of Optimization Theory and Applications},
    VOLUME = {158},
      YEAR = {2013},
    NUMBER = {2},
     PAGES = {460--479},
      ISSN = {0022-3239},
   MRCLASS = {90C25 (90C06 90C48)},
  MRNUMBER = {3084386},
MRREVIEWER = {C. Ilioi},
       DOI = {10.1007/s10957-012-0245-9},
       URL = {http://dx.doi.org/10.1007/s10957-012-0245-9},
}

@article{rot-san-siam13, 
    AUTHOR = {Roth, G. and Sandholm, W. H},
     TITLE = {Stochastic approximations with constant step size and
              differential inclusions},
   JOURNAL = {SIAM J. Control Optim.},
  FJOURNAL = {SIAM Journal on Control and Optimization},
    VOLUME = {51},
      YEAR = {2013},
    NUMBER = {1},
     PAGES = {525--555},
      ISSN = {0363-0129},
     CODEN = {SJCODC},
   MRCLASS = {62L20 (34A60)},
  MRNUMBER = {3032886},
       DOI = {10.1137/110844192},
       URL = {http://dx.doi.org/10.1137/110844192},
}

@book{wal-(livre)-ergodic-82, 
    AUTHOR = {Walters, P.},
     TITLE = {An introduction to ergodic theory},
    SERIES = {Graduate Texts in Mathematics},
    VOLUME = {79},
 PUBLISHER = {Springer-Verlag, New York-Berlin},
      YEAR = {1982},
     PAGES = {ix+250},
      ISBN = {0-387-90599-5},
   MRCLASS = {28Dxx (54H20 58F11)},
  MRNUMBER = {648108},
MRREVIEWER = {M. A. Akcoglu},
}

@book{ben-met-pri-livre90, 
    AUTHOR = {Benveniste, A. and M{\'e}tivier, M. and Priouret, P.},
     TITLE = {Adaptive algorithms and stochastic approximations},
    SERIES = {Applications of Mathematics (New York)},
    VOLUME = {22},
      NOTE = {Translated from the French by Stephen S. Wilson},
 PUBLISHER = {Springer-Verlag, Berlin},
      YEAR = {1990},
     PAGES = {xii+365},
      ISBN = {3-540-52894-6},
   MRCLASS = {62L20 (60G35 93E35)},
  MRNUMBER = {1082341},
MRREVIEWER = {G. Pflug},
       DOI = {10.1007/978-3-642-75894-2},
       URL = {http://dx.doi.org/10.1007/978-3-642-75894-2},
}

@book {bor-livre08, 
    AUTHOR = {Borkar, V. S.},
     TITLE = {Stochastic approximation. A dynamical systems viewpoint},
 PUBLISHER = {Cambridge University Press, Cambridge; Hindustan Book Agency,
              New Delhi},
      YEAR = {2008},
     PAGES = {x+164},
      ISBN = {978-0-521-51592-4},
   MRCLASS = {60-01 (39-01 62L20 93E03 93E10)},
  MRNUMBER = {2442439},
MRREVIEWER = {Oleg N. Granichin},
}

@article{ben-hof-sor-(partII)06, 
    AUTHOR = {Bena{\"{\i}}m, M. and Hofbauer, J. and Sorin, S.},
     TITLE = {Stochastic approximations and differential inclusions. {II}.
              {A}pplications},
   JOURNAL = {Math. Oper. Res.},
  FJOURNAL = {Mathematics of Operations Research},
    VOLUME = {31},
      YEAR = {2006},
    NUMBER = {4},
     PAGES = {673--695},
      ISSN = {0364-765X},
   MRCLASS = {62L20 (34A60 91A22 91A26)},
  MRNUMBER = {2281223},
MRREVIEWER = {Rainer Schwabe},
       DOI = {10.1287/moor.1060.0213},
       URL = {http://dx.doi.org/10.1287/moor.1060.0213},
}

@article{minty1962monotone,
  title={Monotone (nonlinear) operators in {H}ilbert space},
  author={Minty, G. J and others},
  journal={Duke Mathematical Journal},
  volume={29},
  number={3},
  pages={341--346},
  year={1962},
  publisher={Duke University Press}
}


@article{gas-gau-12, 
title = "Markov chains with discontinuous drifts have differential inclusion limits ",
journal = "Perform. Eval.",
volume = "69",
number = "12",
pages = "623 - 642",
year = "2012",
note = "",
issn = "0166-5316",
doi = "http://dx.doi.org/10.1016/j.peva.2012.07.003",
url = "http://www.sciencedirect.com/science/article/pii/S0166531612000703",
author = {Gast, N. and Gaujal, B.},
keywords = "Mean field",
keywords = "Fluid limit",
keywords = "Stability",
keywords = "Differential inclusion",
keywords = "Non-smooth dynamics",
keywords = "Queuing systems "
}

@article{fau-rot-10, 
    AUTHOR = {Faure, M. and Roth, G.},
     TITLE = {Stochastic approximations of set-valued dynamical systems:
              convergence with positive probability to an attractor},
   JOURNAL = {Math. Oper. Res.},
  FJOURNAL = {Mathematics of Operations Research},
    VOLUME = {35},
      YEAR = {2010},
    NUMBER = {3},
     PAGES = {624--640},
      ISSN = {0364-765X},
   MRCLASS = {62L20 (34A60 39A50 91A25 91A26)},
  MRNUMBER = {2724067},
MRREVIEWER = {Genady Ya. Grabarnik},
       DOI = {10.1287/moor.1100.0455},
       URL = {http://dx.doi.org/10.1287/moor.1100.0455},
}

@article{fau-rot-13, 
    AUTHOR = {Faure, M. and Roth, G.},
     TITLE = {Ergodic properties of weak asymptotic pseudotrajectories for
              set-valued dynamical systems},
   JOURNAL = {Stoch. Dyn.},
  FJOURNAL = {Stochastics and Dynamics},
    VOLUME = {13},
      YEAR = {2013},
    NUMBER = {1},
     PAGES = {1250011, 23},
      ISSN = {0219-4937},
   MRCLASS = {37L40 (34G25 37B55 37C50 60B10 62L20)},
  MRNUMBER = {3007249},
MRREVIEWER = {Harald Walter Proppe},
       DOI = {10.1142/S0219493712500116},
       URL = {http://dx.doi.org/10.1142/S0219493712500116},
}

@article{mil-aki-99, 
    AUTHOR = {Miller, W. and Akin, E.},
     TITLE = {Invariant measures for set-valued dynamical systems},
   JOURNAL = {Trans. Amer. Math. Soc.},
  FJOURNAL = {Transactions of the American Mathematical Society},
    VOLUME = {351},
      YEAR = {1999},
    NUMBER = {3},
     PAGES = {1203--1225},
      ISSN = {0002-9947},
     CODEN = {TAMTAM},
   MRCLASS = {54H20 (58F11)},
  MRNUMBER = {1637090},
MRREVIEWER = {Douglas P. Dokken},
       DOI = {10.1090/S0002-9947-99-02424-1},
       URL = {http://dx.doi.org/10.1090/S0002-9947-99-02424-1},
}

@article{aub-fra-las-91, 
    AUTHOR = {Aubin, J.-P. and Frankowska, H. and Lasota, A.},
     TITLE = {Poincar\'e's recurrence theorem for set-valued dynamical
              systems},
   JOURNAL = {Ann. Polon. Math.},
  FJOURNAL = {Polska Akademia Nauk. Annales Polonici Mathematici},
    VOLUME = {54},
      YEAR = {1991},
    NUMBER = {1},
     PAGES = {85--91},
      ISSN = {0066-2216},
     CODEN = {APNMA4},
   MRCLASS = {54H20 (28D99)},
  MRNUMBER = {1132077},
MRREVIEWER = {L. Janos},
}

@article{ben-hir-aap99,
    AUTHOR = {Bena{\"{\i}}m, M. and Hirsch, M. W.},
     TITLE = {Stochastic approximation algorithms with constant step size
              whose average is cooperative},
   JOURNAL = {Ann. Appl. Probab.},
  FJOURNAL = {The Annals of Applied Probability},
    VOLUME = {9},
      YEAR = {1999},
    NUMBER = {1},
     PAGES = {216--241},
      ISSN = {1050-5164},
   MRCLASS = {62L20 (34C99 93E35)},
  MRNUMBER = {1682576 (2000b:62161)},
MRREVIEWER = {Kurt Marti},
       DOI = {10.1214/aoap/1029962603},
       URL = {http://dx.doi.org/10.1214/aoap/1029962603},
}


@article{has-63, 
    AUTHOR = {Ha'sminskii, R.Z.}, 
    TITLE = {The average principle for parabolic and elliptic differential
             equations and {M}arkov processes with small diffusions}, 
   JOURNAL = {Theor. Probab. Appl.}, 
    VOLUME = {8},
      YEAR = {1963},
     PAGES = {1--21} 
}


@article{yaj-bha-(arxiv)16,
  title={Stochastic recursive inclusions with non-additive iterate-dependent Markov noise},
  author={Yaji, V. G and Bhatnagar, S.},
  journal={Stochastics},
  volume={90},
  number={3},
  pages={330--363},
  year={2018},
  publisher={Taylor \& Francis}
}


@article{bia-16, 
    AUTHOR = {Bianchi, P.},
     TITLE = {Ergodic Convergence of a Stochastic Proximal Point
              Algorithm},
   JOURNAL = {SIAM J. Optim.},
  FJOURNAL = {SIAM Journal on Optimization},
    VOLUME = {26},
      YEAR = {2016},
    NUMBER = {4},
     PAGES = {2235--2260},
      ISSN = {1052-6234},
     CODEN = {SJOPE8},
   MRCLASS = {90C25 (65K05)},
  MRNUMBER = {3562372},
       DOI = {10.1137/15M1017909},
       URL = {http://dx.doi.org/10.1137/15M1017909},
}

@article{bia-hac-16, 
    AUTHOR = {Bianchi, P. and Hachem, W.},
     TITLE = {Dynamical behavior of a stochastic {F}orward-{B}ackward algorithm
              using random monotone operators},
   JOURNAL = {J. Optim. Theory Appl.},
  FJOURNAL = {Journal of Optimization Theory and Applications},
    VOLUME = {171},
      YEAR = {2016},
    NUMBER = {1},
     PAGES = {90--120},
      ISSN = {0022-3239},
     CODEN = {JOTABN},
   MRCLASS = {47H05 (34A60 47N10 60H25 62L20)},
  MRNUMBER = {3547845},
       DOI = {10.1007/s10957-016-0978-y},
       URL = {http://dx.doi.org/10.1007/s10957-016-0978-y},
}

@article{bia-hac-sal-(arxiv)16, 
  title={Constant Step Stochastic Approximations
Involving Differential Inclusions: Stability, Long-Run Convergence and Applications}, 
  author={Bianchi, P. and Hachem, W. and Salim, A.}, 
  journal={Stochastics},
  year={2019}
  } 

@article{ros-vil-vu-16, 
    AUTHOR = {Rosasco, L. and Villa, S. and V{\~u}, B. C.},
     TITLE = {A stochastic inertial forward--backward splitting algorithm
              for multivariate monotone inclusions},
   JOURNAL = {Optimization},
  FJOURNAL = {Optimization. A Journal of Mathematical Programming and
              Operations Research},
    VOLUME = {65},
      YEAR = {2016},
    NUMBER = {6},
     PAGES = {1293--1314},
      ISSN = {0233-1934},
   MRCLASS = {47H05 (49M27 49M29 90C25)},
  MRNUMBER = {3490649},
       DOI = {10.1080/02331934.2015.1127371},
       URL = {http://dx.doi.org/10.1080/02331934.2015.1127371},
}

@book{lau-(livre)72, 
    AUTHOR = {Laurent, P.-J.},
     TITLE = {Approximation et optimisation},
      NOTE = {Collection Enseignement des Sciences, No. 13},
 PUBLISHER = {Hermann, Paris},
 language = {French}, 
      YEAR = {1972},
     PAGES = {xiii+531},
   MRCLASS = {41-01},
  MRNUMBER = {0467080},
}

@article{phe-97, 
    AUTHOR = {Phelps, R. R.},
     TITLE = {Lectures on maximal monotone operators},
   JOURNAL = {Extracta Math.},
  FJOURNAL = {Extracta Mathematicae},
    VOLUME = {12},
      YEAR = {1997},
    NUMBER = {3},
     PAGES = {193--230},
      ISSN = {0213-8743},
   MRCLASS = {47H05 (47H04)},
  MRNUMBER = {1627478},
MRREVIEWER = {S. Simons},
}


@article{bia-hac-sal-(sub)jca17, 
  title={A constant step {F}orward-{B}ackward algorithm involving random maximal monotone operators},
  author={Bianchi, P. and Hachem, W. and Salim, A.},
  journal={J. Convex Anal.},
  year={2019}
}

@article{sal-bia-hac-(sub)tac17, 
  title={Snake: a Stochastic Proximal Gradient Algorithm for Regularized Problems over Large Graphs},
  author={Salim, A. and Bianchi, P. and Hachem, W.},
  journal={IEEE Trans. Automat. Contr.},
  year={2019}
}

@inproceedings{karimi2016linear,
  title={Linear convergence of gradient and proximal-gradient methods under the {P}olyak-{{\L}}ojasiewicz condition},
  author={Karimi, H. and Nutini, J. and Schmidt, M.},
  booktitle={ECML-PKDD},
  pages={795--811},
  year={2016},
  organization={Springer}
}



@inproceedings{yoon2017combined,
  title={Combined group and exclusive sparsity for deep neural networks},
  author={Yoon, J. and Hwang, S. J.},
  booktitle={ICML},
  pages={3958--3966},
  year={2017}
}

@article{scardapane2017group,
  title={Group sparse regularization for deep neural networks},
  author={Scardapane, S. and Comminiello, D. and Hussain, A. and Uncini, A.},
  journal={Neurocomputing},
  volume={241},
  pages={81--89},
  year={2017},
  publisher={Elsevier}
}

@article{lecun1998gradient,
  title={Gradient-based learning applied to document recognition},
  author={LeCun, Y. and Bottou, L. and Bengio, Y. and Haffner, P.},
  journal={Proc. IEEE},
  volume={86},
  number={11},
  pages={2278--2324},
  year={1998},
  publisher={IEEE}
}

@article{ayesta2013scheduling,
  title={Scheduling in a random environment: stability and asymptotic optimality},
  author={Ayesta, U. and Erausquin, M. and Jonckheere, M. and Verloop, I. M.},
  journal={IEEE/ACM Trans. Netw.},
  volume={21},
  number={1},
  pages={258--271},
  year={2013},
  publisher={IEEE Press}
}

@book{shalev2014understanding,
  title={Understanding machine learning: From theory to algorithms},
  author={Shalev-Shwartz, S. and Ben-David, S.},
  year={2014},
  publisher={Cambridge university press}
}

@article{com-pes-pafa16, 
    AUTHOR = {Combettes, P. L. and Pesquet, J.-C.},
     TITLE = {Stochastic approximations and perturbations in
              forward-backward splitting for monotone operators},
   JOURNAL = {Pure Appl. Funct. Anal.},
  FJOURNAL = {Pure and Applied Functional Analysis},
    VOLUME = {1},
      YEAR = {2016},
    NUMBER = {1},
     PAGES = {13--37},
      ISSN = {2189-3756},
   MRCLASS = {47J25 (47H05 90C25 90C48)},
  MRNUMBER = {3619041},
MRREVIEWER = {Sorin-Mihai Grad},
}

@article{com-pes-siam15, 
    AUTHOR = {Combettes, P. L. and Pesquet, J.-C.},
     TITLE = {Stochastic quasi-{F}ej\'er block-coordinate fixed point
              iterations with random sweeping},
   JOURNAL = {SIAM J. Optim.},
  FJOURNAL = {SIAM Journal on Optimization},
    VOLUME = {25},
      YEAR = {2015},
    NUMBER = {2},
     PAGES = {1221--1248},
      ISSN = {1052-6234},
   MRCLASS = {47J25 (47H05 65K05 90C25 94A08)},
  MRNUMBER = {3361444},
MRREVIEWER = {Ramendra Krishna Bose},
       URL = {https://doi.org/10.1137/140971233},
}


